3425 5367
483 707 544 767 110
730 718 867 767 scaurus
880 719 1162 766 sanassanmnsts
1295 700 1380 780 [nra.
1399 718 1437 762 11.

481 873 557 937 dose
584 867 710 953 colligis
739 879 885 955 patenter
912 868 1017 934 video.
1069 868 1181 934 Primo
1209 867 1289 954 quia
1316 866 1436 932 divinae

480 971 653 1058 majestatis
672 969 928 1049 immensitatem,
941 970 1111 1056 parvitatis
1132 969 1282 1032 bumanae
1304 966 1436 1032 modulo

478 1071 718 1150 circumscribis,
747 1085 779 1136 et
815 1071 1004 1138 aternitatis
1037 1063 1268 1136 immutabilem
1304 1081 1436 1150 statum,

478 1173 654 1240 labentium
673 1195 778 1238 rerum
800 1172 949 1258 imagine,
964 1185 996 1237 et
1019 1171 1258 1237 succedentium
1274 1171 1335 1235 sibi
1354 1183 1434 1234 tem·

477 1297 591 1362 porum
608 1275 760 1339 varietate
774 1273 957 1358 distinguis.
996 1273 1059 1337 Sed
1074 1273 1170 1359 longe
1183 1295 1274 1337 secus
1288 1295 1355 1336 ease
1370 1271 1433 1346 bic,

476 1391 574 1464 atque
586 1377 618 1440 in
634 1377 686 1440 his
701 1398 742 1440 ex
759 1374 1014 1460 praecedentibus
1026 1374 1172 1460 oportuit
1182 1375 1317 1460 concipi,
1332 1397 1433 1460 quum

476 1477 664 1544 aeternitatis
682 1488 801 1541 statum
820 1476 929 1541 nullus
947 1477 1077 1540 omnino
1099 1487 1208 1540 motus
1229 1459 1379 1560 attingat,
1399 1486 1432 1537 et

476 1603 623 1645 crearura
648 1578 803 1664 quaelibet
827 1601 965 1658 accessu,
990 1578 1040 1641 vel
1066 1577 1196 1642 decessu
1222 1576 1433 1642 accidentium

475 1694 652 1746 moveatur.
697 1681 805 1744 Homo
819 1679 977 1764 siquidem
993 1679 1020 1742 si
1034 1678 1114 1764 quid
1136 1677 1285 1765 providet
1304 1677 1431 1743 futuro·

475 1803 558 1858 rum,
574 1781 680 1846 statim
702 1793 839 1844 mentem
862 1783 932 1864 ejus
953 1778 1088 1864 quidam
1107 1791 1213 1844 motus
1232 1777 1431 1864 aggreditur,

477 1894 513 1944 ut
526 1882 651 1944 animus
665 1880 804 1966 quadam
822 1879 1035 1963 applicatione
1050 1879 1111 1956 sui,
1126 1881 1169 1943 ad
1183 1878 1270 1943 aliud
1293 1878 1381 1964 apud
1397 1903 1430 1942 se

473 1983 578 2046 futuri
592 1981 696 2066 operis
711 1980 845 2066 speciem
863 1980 1061 2064 praefiguret,
1077 1979 1276 2065 eandemque
1290 1979 1430 2065 plerum-

473 2080 918 2168 quenuncquasiinarchivis
927 2081 1087 2145 memoriae
1096 2081 1430 2166 depositam,reponit,

471 2203 557 2244 nunc
581 2180 673 2265 quasi
699 2180 732 2242 in
758 2180 889 2264 speculo
914 2179 1031 2246 nativa
1057 2182 1209 2267 puritatis
1237 2181 1370 2266 replicat
1394 2195 1428 2247 et

472 2279 613 2346 revolvit.
659 2279 800 2344 Facilius
825 2279 909 2344 enim
932 2291 981 2344 est
1005 2295 1129 2346 motum
1151 2282 1238 2346 hunc
1258 2283 1300 2346 ab
1321 2283 1428 2346 animo

470 2379 599 2446 omnino
627 2379 771 2455 deficere,
803 2401 900 2464 quam
930 2380 1196 2467 contemplatione
1219 2381 1292 2467 jugi
1321 2381 1427 2446 animo

469 2482 634 2546 inhaerere.
671 2483 717 2545 Et
732 2481 863 2568 quidem
886 2481 938 2545 hic
960 2496 1078 2561 motus,
1093 2483 1120 2547 si
1142 2505 1205 2548 non
1224 2482 1426 2569 providentia

469 2596 529 2660 est,
537 2598 594 2649 aut
603 2581 835 2669 providentiam
848 2583 945 2666 parit,
956 2597 1012 2648 aut
1023 2585 1052 2648 ei
1064 2586 1286 2672 cujuscunque
1296 2585 1426 2649 foederis

469 2687 584 2752 notitia
594 2686 765 2750 vicinatur.
798 2683 907 2758 anm
922 2707 997 2749 vero
1011 2701 1118 2752 motus
1132 2687 1324 2772 praecedens,
1336 2701 1369 2753 et
1383 2712 1425 2754 ex
1518 2719 1524 2726 ·

468 2812 506 2854 ea
525 2797 679 2874 concepta
700 2787 831 2874 species,
846 2787 949 2853 futuri
968 2788 1074 2873 operis
1088 2788 1218 2874 sequela
1237 2789 1423 2866 frustratur,

467 2889 570 2954 inanis
584 2902 633 2953 cst
651 2887 785 2972 agitatio
805 2889 930 2963 mentis,
947 2900 978 2952 et
1001 2889 1093 2973 quasi
1115 2889 1229 2953 umbra
1243 2889 1275 2952 in
1293 2893 1422 2967 somnis,

467 2990 533 3074 sine
553 2990 696 3053 veritatis
715 3011 847 3073 corporo
868 2989 1038 3054 evanescit.
1082 2994 1194 3057 Motus
1214 3004 1331 3072 tamen,
1346 2991 1434 3077 quia-

465 3092 570 3176 reipsa
584 3091 647 3153 tuit
662 3091 694 3152 in
718 3091 834 3166 anima,
849 3113 912 3153 non
935 3102 1041 3174 potest
1056 3113 1118 3154 non
1140 3092 1236 3156 fnisse
1251 3094 1284 3156 in
1304 3094 1421 3171 anima,

465 3202 497 3251 et
520 3187 624 3250 anima
643 3209 718 3272 quae
741 3201 847 3250 motus
867 3186 1042 3272 agitatione
1063 3200 1150 3252 mota
1169 3204 1227 3266 est,
1250 3214 1313 3256 non
1335 3207 1422 3258 mota

464 3312 526 3356 non
557 3289 653 3354 fuisse
683 3310 744 3352 non
775 3300 891 3373 potest.
937 3291 1037 3354 Porro
1063 3288 1180 3354 divinae
1205 3290 1420 3374 simplicitatis

463 3405 578 3468 status,
604 3391 697 3474 longe
726 3390 788 3454 alia
814 3385 958 3456 conditio
987 3405 1045 3456 est.
1092 3392 1144 3455 Ea
1171 3390 1328 3474 siquidem
1356 3417 1421 3458 uno

463 3492 599 3579 simplici
613 3504 646 3556 et
666 3491 834 3556 individuo
849 3503 1043 3576 aspectum
1058 3490 1247 3576 praedictum
1268 3504 1328 3571 est,
1343 3518 1419 3580 quac

461 3607 547 3670 sunt,
564 3615 635 3678 quae
656 3593 799 3667 fuerunt,
814 3604 846 3656 et
868 3611 943 3677 quae
963 3603 1098 3654 ventura
1117 3605 1204 3670 sunt,
1218 3593 1325 3656 omnia
1344 3618 1418 3660 oon·

462 3690 646 3777 templatur,
660 3690 812 3776 nulloque
822 3712 929 3774 rerum
940 3689 1142 3754 mutabilium
1151 3691 1243 3778 lapsu
1252 3706 1413 3758 movetur:

461 3792 516 3857 sed
536 3793 569 3856 in
584 3792 687 3878 seipsa
707 3791 802 3856 semel
822 3805 853 3857 et
878 3789 974 3855 simul
993 3805 1147 3857 contuens
1168 3793 1324 3874 universa,
1338 3795 1414 3859 sub-

461 3895 543 3962 sistit
557 3892 763 3974 invariabilis,

564 4005 716 4076 stabilisqua
727 4023 835 4060 manens
847 4006 894 4059 dat
904 4012 997 4061 cuncta
1008 4009 1112 4060 moveri.

458 4113 505 4174 Et
531 4109 603 4172 licet
629 4107 791 4174 interdum
817 4109 846 4172 ei
872 4110 1028 4196 praeteriti
1054 4113 1207 4197 temporis
1232 4125 1288 4178 aut
1311 4112 1412 4179 futuri

458 4212 555 4274 verba
570 4222 731 4296 aptentur,
747 4233 810 4276 non
826 4213 855 4275 ei
876 4212 1049 4299 quicquam
1066 4235 1106 4276 ex
1127 4213 1187 4277 hoc
1202 4213 1346 4278 subtrahi
1361 4215 1412 4278 vel

457 4311 651 4399 impendere,
678 4312 732 4377 sed
763 4335 870 4378 rerum
901 4314 1116 4401 subjectarum
1147 4316 1356 4391 mutabilitas,
1384 4316 1411 4379 si
