3425 5367
329 723 398 770 oso.
421 711 480 790 rv.]
691 726 947 772 nonronamous.
1224 715 1285 776 let

331 895 393 939 non
418 865 491 942 asse
513 876 617 956 illum,
643 877 699 964 qui
724 876 764 943 de
790 886 918 962 pectore
947 874 1088 942 veritatis
1116 875 1282 964 sapientiae

329 977 448 1044 fluenta
456 979 586 1066 potavit,
597 1002 698 1066 quum
710 979 820 1044 orbem
830 978 986 1044 iniectum
995 978 1057 1043 hac
1065 978 1139 1044 labe
1147 980 1282 1059 intonet,

328 1081 450 1149 dicens:
468 1083 680 1171 Quaecunque
695 1082 728 1147 in
744 1082 805 1147 hoc
819 1081 941 1147 mundo
954 1092 1039 1164 sunt,
1054 1082 1282 1170 concupiscen-

327 1184 404 1252 tiam
424 1187 589 1252 oculorum
610 1209 689 1266 esse,
710 1197 766 1251 aut
789 1186 902 1262 carnia,
918 1197 975 1250 aut
992 1186 1176 1272 superbiam
1196 1186 1281 1254 vitae.

328 1288 393 1364 Qui
408 1312 484 1375 ergo
498 1291 585 1356 huno
599 1311 740 1356 amorem
756 1312 820 1355 non
834 1299 1004 1376 temperat,
1019 1289 1133 1356 timeat
1146 1290 1280 1377 lepram,

326 1402 361 1456 et
374 1393 552 1458 caecitatem
563 1393 739 1471 oculorum,
749 1413 823 1478 quae
837 1414 879 1456 ex
892 1413 931 1455 ea
945 1391 1103 1470 imminet,
1113 1393 1278 1479 pertimes-

328 1505 389 1560 cat.
436 1495 471 1559 Si
491 1496 598 1582 itaque
620 1495 678 1577 illi,
692 1493 748 1581 qui
770 1516 834 1558 non
856 1492 1035 1580 reprimunt
1056 1495 1282 1581 concupiscen-

329 1597 418 1674 tiam,
430 1597 586 1663 malorum
602 1596 714 1684 utique
728 1597 850 1684 fontem
866 1605 900 1660 et
913 1595 1070 1678 fomitem,
1078 1596 1281 1683 dispendium

328 1699 438 1765 salutis
453 1700 629 1777 incurrunt,
644 1699 721 1786 quid
734 1698 795 1763 erit
808 1697 883 1777 illis,
894 1696 951 1785 qui
965 1719 1036 1762 eam
1052 1709 1281 1765 assentatomm

329 1801 530 1868 inflammant
543 1801 690 1882 stimulis,
702 1813 735 1866 et
749 1800 840 1889 quasi
855 1800 998 1865 fomenta
1008 1799 1157 1866 vitiorum
1168 1823 1283 1867 accone

328 1905 433 1970 dunt?
461 1905 547 1985 Quid
567 1905 695 1987 facient,
709 1919 766 1969 aut
780 1904 885 1991 potius
906 1902 986 1991 quid
1005 1903 1177 1990 patientur,
1193 1906 1249 1993 qui
1263 1929 1284 1971 a

328 2007 459 2074 veritate
474 2019 622 2074 avertunt
636 2007 793 2088 auditum,
808 2007 842 2072 in
863 2006 1074 2072 admiratione
1088 2028 1194 2072 rerum
1213 2030 1284 2074 cor-

327 2111 525 2198 ruptibilium
549 2121 582 2176 et
603 2109 887 2198 cormmpentium,
908 2131 972 2174 non
990 2109 1145 2175 claudunt
1162 2110 1282 2195 oculos,

328 2236 440 2280 manus
464 2214 662 2301 expandunt,
684 2225 718 2278 et
739 2213 884 2278 omnium
906 2234 1057 2279 sensuum
1078 2212 1281 2280 vivacitatem

328 2314 500 2380 exercent?
522 2315 650 2380 Deinde
664 2314 754 2401 quasi
769 2313 833 2379 diei
849 2335 913 2378 non
928 2312 1063 2378 sufficiat
1076 2314 1200 2381 malitia
1212 2339 1282 2396 sua,

328 2415 455 2483 fallacia
475 2417 570 2484 unius
594 2417 723 2483 alterius
748 2415 907 2482 fallaciam
930 2415 1039 2481 trudit.
1084 2417 1283 2485 Terentiano

326 2518 485 2606 siquidem
499 2519 597 2584 verbo
606 2519 757 2584 libentius
772 2529 853 2600 utor,
865 2518 943 2582 dum
958 2519 1000 2583 ad
1015 2520 1281 2606 concupiscentia

328 2620 489 2686 fornacem
518 2621 777 2689 succendendum
806 2619 1001 2687 conveniunt
1029 2621 1221 2705 adulatores,
1248 2633 1283 2688 et

330 2721 491 2804 relatores,
510 2723 678 2803 delatores,
700 2735 735 2788 et
751 2723 957 2802 detractores,
978 2723 1090 2802 invidi,
1112 2724 1284 2802 ambitiosi,

328 2825 416 2904 elati,
439 2825 572 2908 factiosi,
595 2837 629 2891 et
653 2825 871 2912 superstitiosi,
892 2824 1050 2910 flagitiosi,
1074 2827 1282 2917 omniumque

328 2925 502 2992 officiorum
517 2926 790 3014 praevaricatorem
817 2947 896 3014 quos
910 2925 988 3014 quia
1001 2925 1068 2991 fere
1083 2927 1204 3015 ubique
1219 2941 1284 2996 ter„

329 3051 436 3094 rarum
458 3040 541 3108 sunt,
564 3029 687 3096 facilius
708 3040 757 3094 est
778 3027 933 3111 invenire,
949 3051 1047 3118 quam
1068 3030 1281 3100 dinumerare.

330 3133 492 3200 Adversus
506 3133 687 3220 hujusmodi
707 3145 756 3200 est
770 3133 874 3200 omnia
892 3133 955 3214 lex,
970 3133 1005 3198 in
1019 3134 1077 3200 hos
1091 3135 1200 3201 omnia
1206 3135 1284 3222 jnra

327 3237 504 3324 conjurant,
515 3248 549 3302 et
563 3237 595 3302 in
608 3238 736 3304 eosdem
751 3237 841 3326 quasi
852 3237 886 3302 in
900 3237 1041 3325 publicoe
1051 3237 1162 3312 salutis
1176 3238 1282 3311 hostes

328 3341 519 3430 quandoque
534 3340 637 3408 omnis
651 3340 829 3406 armabitur
842 3351 1000 3410 creatura.

330 3675 408 3762 Cep.
424 3685 455 3741 4.
479 3679 567 3754 Quid
579 3679 743 3757 adulator,
757 3683 948 3753 accurator,
964 3685 997 3742 et
1007 3679 1125 3761 polpoc
1152 3685 1184 3742 ct
1198 3678 1283 3760 quod

613 3783 658 3844 eis
671 3779 758 3844 nitet
767 3782 992 3864 perniciosius.

372 3912 653 3980 Aoumrouenim
664 3911 768 3978 omnis
785 3911 909 3978 virtutis
918 3911 1067 3977 inimicus
1076 3921 1136 3991 est,
1147 3922 1181 3977 et
1190 3913 1282 4000 quasi

328 4014 453 4082 clavum
470 4016 539 4103 figit
553 4015 586 4080 in
610 4015 703 4082 ocule
717 4015 813 4094 illius,
828 4037 903 4080 cum
920 4037 985 4103 quo
1006 4037 1186 4082 sermonem
1205 4037 1281 4082 con·

327 4119 414 4196 serit,
440 4141 542 4208 eoque
568 4119 670 4206 magis
693 4120 854 4189 carendus
882 4135 941 4198 est,
965 4141 1030 4208 quo
1054 4119 1115 4186 rub
1143 4119 1281 4186 amantis

328 4219 446 4304 specie,
469 4243 584 4289 nocere
608 4245 671 4290 non
695 4221 823 4304 desinit,
846 4221 950 4288 donec
972 4221 1103 4288 rationis
1123 4221 1284 4290 obtundat

330 4341 477 4402 acumen,
498 4335 532 4390 et
552 4323 714 4392 modicum
733 4323 766 4392 id
791 4321 932 4401 luminis,
953 4323 1041 4412 quod
1061 4321 1173 4388 adesse
1194 4321 1282 4388 ride·
