3425 5367
317 730 386 776 car.
402 716 492 792 vua]
665 733 917 780 conveniamus.
1207 717 1267 778 183

318 881 464 965 siugulis,
478 885 519 949 de
529 886 619 948 nullo
634 886 783 950 subtilem
798 885 968 950 reddentes
980 886 1143 950 rationem.
1167 884 1265 959 Quod

318 984 346 1048 si
355 986 418 1052 hoc
427 986 531 1070 ipsum
543 987 698 1071 patienter
706 987 891 1065 admittitur,
900 1009 938 1050 ea
949 1008 1021 1071 quae
1034 1009 1054 1051 a
1064 986 1266 1070 philosophis

317 1086 459 1167 gentirun
480 1088 620 1171 publicar
642 1088 788 1152 utilitatis
805 1089 906 1171 gratie
924 1089 1044 1172 scripta
1061 1097 1147 1166 sunt,
1162 1084 1266 1150 audiri

319 1186 398 1268 quid
412 1188 585 1270 prohihet?
608 1188 818 1272 Quaecunque
829 1187 915 1250 enim
927 1187 1044 1271 scripta
1058 1197 1143 1265 sunt,
1152 1186 1266 1270 inquit,

319 1285 360 1351 ad
384 1298 525 1352 noemam
548 1287 725 1352 doctrinam
750 1289 866 1372 scripta
892 1299 975 1367 sunt,
1003 1299 1038 1352 ut
1061 1309 1120 1371 per
1140 1289 1264 1370 patien-

320 1388 396 1452 tiam
409 1399 443 1452 et
457 1389 710 1453 consolationem
731 1390 954 1472 scripturarum
974 1411 1064 1473 spem
1079 1390 1265 1454 habeamus.

319 1490 407 1552 Dum
427 1491 511 1554 enim
535 1511 600 1573 pax
623 1491 715 1553 abest
739 1489 815 1554 filiis
839 1491 955 1565 Adam,
979 1491 1036 1574 qui
1060 1491 1103 1554 ad
1125 1492 1267 1554 laborem

318 1588 387 1651 uati
401 1596 485 1664 suut,
499 1588 601 1672 parati
612 1586 653 1650 ad
667 1588 804 1670 flagella,
815 1589 964 1672 concepti
978 1589 1012 1650 in
1028 1589 1180 1671 peccatiS,
1191 1587 1268 1652 editi

318 1688 351 1752 in
366 1689 487 1764 labore,
502 1709 569 1750 non
583 1699 648 1751 tarn
659 1697 772 1750 euntes
783 1709 883 1771 ‘quam
894 1698 1055 1752 currentes
1070 1686 1112 1750 ad
1126 1698 1269 1764 mortem,

320 1811 385 1873 qua
404 1789 485 1852 nihil
506 1788 625 1852 tristius
646 1799 705 1864 est,
728 1788 905 1853 necessaria
926 1799 976 1852 est
996 1788 1160 1872 patientia,
1181 1783 1270 1852 utilis

319 1890 509 1966 consolatio,
530 1910 604 1972 quae
625 1889 666 1954 de
681 1891 753 1954 oleo
771 1890 889 1954 laetitiae
908 1891 941 1954 in
957 1891 1166 1969 conscientia,
1181 1889 1269 1954 etde

318 1989 531 2054 immensitate
547 1989 724 2054 clementiae
747 1990 823 2069 Dei,
839 1990 1083 2073 praedestinatos
1103 1990 1145 2055 ad
1162 1991 1270 2068 vitam,

320 2111 378 2174 spe
391 2090 568 2154 futurorum
590 2091 678 2155 fovet
691 2101 724 2155 et
737 2092 872 2156 roborat.
918 2094 947 2156 O
965 2101 1073 2157 custos
1091 2092 1269 2168 hominum,

319 2191 425 2276 inquit
443 2193 558 2258 heatus
577 2194 654 2272 Job,
673 2192 806 2256 humani
824 2193 949 2276 generis
971 2194 1167 2260 calamitates
1185 2193 1219 2256 in
1234 2213 1269 2256 se

319 2294 511 2377 exprimens,
540 2316 639 2379 quare
668 2294 805 2378 posuisti
833 2316 884 2358 me
914 2296 1106 2359 contrarium
1136 2295 1205 2370 tibi,
1236 2303 1269 2357 et

318 2394 422 2459 factus
436 2417 506 2459 sum
521 2395 669 2460 mihimet
681 2396 743 2479 ipsi
765 2394 891 2477 gravis?
916 2397 1022 2460 Nemo
1044 2396 1202 2481 siquidem
1218 2404 1268 2460 est
1286 2453 1289 2460 .

318 2495 384 2578 qui,
398 2496 603 2577 exigentibus
618 2496 733 2580 culpis,
748 2496 783 2558 in
798 2497 903 2580 seipso
917 2518 982 2560 non
997 2497 1139 2561 inveniat
1154 2517 1268 2560 causas

317 2598 547 2681 materiamque
568 2596 699 2675 doloris,
713 2617 814 2681 quum
828 2597 930 2681 ipsius
943 2599 1159 2682 philosophiae
1182 2598 1270 2661 testi·

317 2697 439 2776 monio,
458 2698 632 2782 unicuique
652 2699 817 2779 contingat
836 2699 961 2778 adesse,
982 2697 1071 2782 quod
1091 2700 1203 2776 nollet,
1218 2699 1268 2761 vel

318 2800 441 2877 abesse,
456 2799 545 2883 quod
559 2800 663 2862 vellet.
707 2796 805 2863 Unde
819 2809 852 2862 et
866 2799 973 2863 fidelis
987 2799 1105 2878 anima,
1119 2799 1173 2864 cui
1188 2820 1269 2864 verae

317 2899 527 2964 beatitudinis
540 2897 657 2982 gaudia
671 2898 868 2976 differuntur,
890 2920 964 2962 cum
982 2899 1121 2964 inferiori
1141 2901 1270 2983 irriguo,

316 2999 472 3083 irriguum
486 3000 631 3084 superius
645 3000 735 3084 petit.
780 3001 827 3064 Ut
840 3021 916 3083 ergo
927 3001 1092 3083 gentilium
1107 3002 1270 3086 figmentis

317 3102 408 3186 pium
417 3102 694 3166 accommodemus
701 3101 856 3179 auditum,
866 3122 969 3166 rerum
977 3104 1119 3168 omnium
1131 3105 1271 3188 tragicus

318 3201 395 3268 finis
408 3211 467 3266 est
511 3205 577 3268 Aut
591 3202 620 3267 si
632 3224 752 3266 nomen
762 3202 941 3268 Comoediae
952 3202 1122 3286 gratiosius
1133 3213 1191 3284 est,
1203 3226 1267 3268 non

319 3303 404 3368 duco
415 3304 629 3368 contentionis
644 3304 986 3384 sunem,dumconsoet
1000 3305 1165 3382 internos,
1181 3304 1269 3388 quod

319 3403 384 3468 scre
398 3413 484 3468 totus
500 3403 651 3482 mundus,
660 3403 760 3488 juxta
777 3405 973 3482 Petronium,
991 3415 1143 3469 exerceat
1162 3404 1268 3468 histri·

319 3526 424 3568 onem.
482 3504 577 3582 Quod
606 3516 639 3570 et
664 3505 797 3588 quidam
825 3506 978 3589 temporis
1006 3505 1105 3570 nostri
1133 3505 1268 3588 scriptor

320 3607 475 3690 egregius,
484 3606 664 3672 infidelium
673 3618 779 3672 tamen
796 3608 910 3684 verbis,
921 3609 1084 3690 eleganter
1091 3606 1265 3691 expressit:

424 3785 559 3838 Ridiculos
568 3786 703 3840 hominum
713 3791 801 3840 verast
811 3803 867 3840 sors
878 3804 946 3840 casca
957 3786 1069 3852 labores,

493 3870 596 3925 Baeculs
606 3878 695 3926 nostra
701 3874 786 3943 jocus,
796 3872 986 3942 ludibriumque
998 3874 1074 3927 Deis.

321 4021 430 4108 Hujus
444 4024 553 4108 itaque
568 4036 631 4088 tam
646 4025 824 4102 immensa,
838 4035 906 4090 tam
927 4025 1082 4092 mirabilis
1097 4037 1129 4092 et
1143 4027 1268 4095 inenar-

319 4124 430 4188 rabilis
444 4124 624 4207 Trsgoediar
639 4128 691 4190 rel
706 4126 883 4192 Comoediae
899 4127 1068 4207 theatrum,
1082 4151 1146 4214 quo
1160 4131 1269 4214 peragi
1296 4171 1299 4178 ι

321 4223 434 4304 possit,
448 4225 479 4288 ei
492 4226 677 4290 mirabiliter
687 4235 882 4312 coequatur.
928 4229 1033 4295 Tanta
1047 4240 1096 4294 est
1105 4251 1180 4296 area
1190 4231 1271 4316 ejus,

322 4333 462 4404 quantus
489 4336 522 4390 et
548 4327 645 4390 orbis.
701 4328 934 4393 Difficillimum
963 4341 1012 4394 cst
1041 4341 1076 4394 nt
1104 4331 1272 4415 quisquam
