3425 5367
317 745 385 789 cnr.
402 725 523 808 xxv11.]
710 741 966 787 ronrcnarrcns.
1206 730 1270 790 141⁴

318 915 380 958 non
393 904 510 978 parcet,
526 905 557 955 et
569 889 768 977 poenitudine
780 911 842 954 non
852 890 1009 975 flectetur.
1055 893 1168 978 Neque
1183 893 1266 958 enim

318 995 412 1058 homo
426 1005 485 1068 est,
502 1005 538 1056 ut
553 1004 626 1076 agat
642 991 874 1076 poenitentiam.
918 993 966 1056 At
981 991 1035 1055 ille
1046 995 1103 1069 ait,
1122 993 1263 1058 Peccavi.

318 1091 381 1158 Sed
396 1115 480 1158 nunc
493 1092 613 1156 honora
628 1115 677 1155 me
699 1113 803 1156 coram
820 1089 996 1156 senioribus
1019 1091 1129 1177 populi
1144 1091 1216 1168 mei,
1232 1105 1264 1156 et

317 1216 422 1257 coram
448 1193 557 1273 Israel,
579 1207 610 1258 et
633 1206 789 1256 revertere
811 1214 946 1270 mecum,
963 1205 998 1257 ut
1013 1193 1141 1256 adorem
1158 1193 1269 1258 Domi-

319 1317 395 1359 num
412 1297 517 1360 Deum
535 1306 638 1358 tuum.
669 1294 752 1355 Ecce
767 1305 888 1376 quanta
908 1291 1052 1356 elationis
1066 1293 1196 1358 insania.
1228 1294 1269 1357 Se

317 1394 476 1480 dejectum
500 1395 591 1458 audit
607 1417 626 1458 a
641 1392 790 1469 Domino,
814 1404 846 1456 et
869 1405 973 1456 tamen
1003 1396 1096 1478 quasi
1117 1418 1155 1459 eo
1170 1395 1271 1460 invito

320 1517 453 1580 regnare
481 1493 653 1558 contendit.
698 1495 846 1576 Regnum
874 1492 994 1557 meliori
1023 1493 1177 1559 traditum
1203 1519 1270 1560 esse

319 1617 382 1659 non
393 1595 539 1678 ambigit,
549 1593 732 1678 etprivatus
743 1615 800 1678 per
811 1593 996 1656 sententiam
1007 1593 1268 1660 irretractabilem

321 1696 411 1780 regni
426 1693 803 1784 gloriamflsraudulenter
821 1707 965 1779 usurpat.
1010 1696 1141 1760 Corruit
1162 1696 1270 1782 itaque

321 1798 401 1864 dum
415 1798 448 1860 in
471 1796 604 1861 vetitum
629 1795 758 1860 molitur
778 1795 959 1871 ascendere,
974 1809 1006 1860 et
1029 1795 1067 1859 fit
1092 1797 1195 1882 seipso
1216 1799 1271 1861 de-

324 1899 431 1978 terior,
441 1897 520 1962 dum
533 1895 667 1973 meliori,
678 1895 867 1960 reclamante
874 1895 1025 1972 Domino,
1038 1897 1108 1962 vult
1117 1899 1271 1984 praeferri.

326 2001 461 2066 Fatetur
474 1997 621 2084 equidem
644 1997 784 2082 culpam,
801 1996 856 2062 sed
873 2017 998 2082 poenam
1021 2012 1148 2082 portare
1163 2000 1274 2084 dedig-

323 2114 439 2172 nstnr;
464 2099 523 2162 hoc
544 2113 590 2164 est
617 2099 702 2164 enirn
729 2097 817 2184 quod
843 2098 898 2174 ait,
931 2099 1085 2164 Peccavit
1108 2101 1164 2165 sed
1187 2123 1271 2165 nunc

322 2202 440 2266 honora
450 2223 509 2266 me.
534 2205 578 2266 Ac
590 2199 724 2264 sidicat:
741 2202 848 2274 Quum
859 2200 998 2264 criminis
1009 2200 1115 2287 culpa,
1127 2202 1272 2267 elationis

324 2303 418 2380 fastu,
435 2303 561 2388 tyranni
575 2301 813 2387 nequitiajuste
828 2298 970 2386 dejectus
981 2307 1139 2368 contemni
1150 2326 1273 2368 merue-

324 2406 395 2483 rim,
407 2425 456 2466 me
466 2403 619 2488 patientia
628 2415 684 2466 tua
693 2401 725 2464 in
737 2415 907 2485 conspectu
917 2424 1026 2466 eorum
1037 2403 1091 2488 qui
1102 2425 1165 2466 non
1176 2426 1273 2468 nove·

325 2520 401 2569 runt
420 2503 585 2567 consilinm
605 2502 745 2578 Domini,
765 2502 860 2567 faciat
878 2502 1065 2586 gloriosum.
1101 2508 1275 2569 Revertere
1323 2488 1329 2501 ’

325 2626 402 2689 ergo
418 2625 551 2676 mecum,
570 2615 606 2668 ut
621 2615 678 2666 tuo
693 2601 834 2666 incedam
857 2601 1039 2685 fastigiatus
1055 2603 1222 2688 obsequio,
1242 2617 1275 2669 et

329 2717 419 2769 tanto
433 2703 571 2787 stipatus
586 2701 751 2780 mimitatu,
766 2714 855 2766 tanta
872 2702 1059 2765 venerabilis
1078 2705 1278 2787 auctoritate,

328 2804 456 2870 adorem
473 2802 648 2868 Dominum
666 2805 769 2867 Deum
787 2814 891 2874 tuum,
908 2802 1059 2888 quoniam
1074 2825 1178 2868 meum
1193 2805 1278 2870 ultra

329 2905 435 2972 dicere
450 2925 512 2968 nou
522 2902 634 2982 audeo,
646 2902 702 2990 qui
717 2903 758 2967 ab
770 2925 807 2966 eo
816 2925 873 2988 per
882 2902 1127 2969 inobedientiam
1140 2906 1279 2988 discessi,

329 3019 361 3070 et
381 3005 487 3068 adhuc
508 3025 565 3089 per
588 3003 818 3068 contumaciam
844 3003 966 3068 recedo.
1012 3005 1107 3069 Adeo
1124 3007 1280 3092 siquidem

331 3107 525 3170 intumuerat
539 3105 669 3191 spiritus
681 3105 758 3191 ejus,
773 3117 809 3169 ut
820 3128 851 3168 se
863 3128 925 3169 non
937 3106 1032 3171 modo
1042 3107 1172 3188 homini,
1181 3109 1236 3173 sed
1246 3124 1279 3176 et

331 3208 392 3293 ipsi
400 3207 613 3293 Deoseipsnm
621 3206 857 3292 quodammodo
867 3208 1189 3294 propriaeimpietatis
1198 3234 1278 3276 ausu

332 3310 509 3394 praeferret.
553 3311 655 3382 Quem
672 3308 755 3372 enim
773 3308 930 3372 Dominus
947 3309 1142 3394 praetulerat,
1159 3326 1281 3396 quanto

332 3412 443 3498 majori
458 3409 562 3498 gratia
578 3408 706 3472 videbat
722 3407 907 3494 praeditum,
928 3421 1018 3472 tauto
1032 3409 1145 3474 acriori
1160 3413 1281 3477 invidia

333 3513 362 3574 ei
379 3513 520 3576 occultas
543 3509 692 3576 tendebat
715 3507 855 3585 insidias,
879 3521 943 3573 tam
967 3510 1160 3587 manifestas,
1183 3533 1282 3598 quam

334 3610 460 3697 iniquas
474 3632 622 3675 exercens
640 3609 840 3674 inimicitiae:
864 3622 897 3673 et
911 3630 977 3695 quo
996 3610 1193 3678 manifestius
1207 3636 1281 3678 eum

336 3709 494 3776 Dominus
515 3709 700 3786 extoltebut,
715 3734 753 3774 eo
774 3709 910 3786 avidius,
934 3723 1076 3776 nontam
1094 3711 1282 3796 deprimere,

336 3833 431 3896 quam
448 3812 634 3896 extinguere
649 3811 839 3896 properabat
848 3810 973 3896 ipsique
990 3809 1061 3874 Deo
1076 3834 1108 3874 se
1123 3836 1141 3874 e
1155 3815 1284 3895 regione

336 3915 425 3998 ponit
439 3910 632 3997 oppositum,
647 3909 724 3974 dum
740 3910 769 3972 ei
785 3910 943 3994 surripere
962 3924 1018 3973 aut
1034 3908 1155 3996 eripere
1170 3911 1284 3978 nititur

331 4012 405 4096 jura
426 4033 607 4098 regnorum.
655 4010 797 4094 Dignum
821 4033 897 4094 ergo
918 4010 983 4074 suit
1008 4023 1121 4075 utnon
1144 4026 1285 4078 maneret

339 4119 370 4176 in
386 4135 424 4176 eo
444 4112 575 4198 spiritus
592 4109 732 4184 Domini,
749 4110 806 4196 qui
826 4132 880 4173 cor
894 4132 990 4174 suurn
1003 4132 1065 4173 non
1085 4111 1181 4176 modo
1195 4113 1284 4180 habi.

341 4210 493 4292 taculum,
507 4199 560 4276 sed
577 4223 609 4274 et
625 4223 723 4274 tantae
734 4208 885 4294 nequitiae
900 4209 1017 4272 fecerat
1032 4208 1287 4278 fundamentum.

339 4311 525 4396 Exagitarit
541 4331 613 4376 eum
629 4310 739 4395 itaque
754 4309 886 4394 spiritus
904 4329 1041 4392 nequam
1056 4329 1076 4369 a
1091 4309 1241 4387 Domino,
1256 4325 1289 4378 et
