3425 5367
299 791 369 838 cnr.
386 771 498 853 xvnn]
654 785 909 831 ronrcnsrrcns.
1215 777 1257 835 95

302 941 471 1005 ciosissime
499 939 721 1028 prolabantur.
782 937 892 1000 Primo
921 958 1059 1022 namque
1088 960 1139 1001 res
1175 962 1258 1024 quas

300 1057 414 1109 natura
429 1047 548 1108 crearit
566 1041 756 1121 discutiunt,
769 1061 889 1125 easque
911 1039 1132 1125 multipliciter
1153 1041 1258 1106 iures·

301 1147 416 1231 figant,
438 1167 524 1210 nnnc
546 1143 712 1231 quomodo
734 1165 776 1207 ex
799 1141 948 1228 partibus
969 1142 1047 1219 suis,
1066 1164 1152 1208 nunc
1175 1167 1257 1229 quo-

301 1249 445 1312 modoex
456 1242 1122 1328 materiaetformacoustantinquirentes.
1160 1246 1256 1322 Quod

301 1361 339 1414 ut
352 1349 480 1416 facilius
493 1347 626 1434 possint,
640 1367 791 1411 sensuum
807 1343 890 1408 vires
904 1357 1050 1431 pensant,
1063 1359 1097 1410 et
1116 1346 1257 1412 intellec„

302 1463 356 1516 tus
370 1449 539 1515 efficaciam
551 1449 738 1514 metiuntur.
776 1448 823 1511 Et
838 1447 918 1534 quia
932 1469 1082 1512 sensuum
1096 1447 1258 1515 hebetudo

303 1573 409 1615 rerum
425 1571 649 1636 corporearum
665 1560 810 1613 naturam
832 1570 896 1611 uon
918 1548 1164 1632 transgreditur,
1176 1574 1258 1637 pau·

303 1652 392 1718 latim
422 1652 556 1718 aliorum
590 1650 745 1716 beneficio
773 1649 814 1714 ad
853 1649 1023 1715 subtiliora
1049 1668 1258 1738 consurgunt.

303 1754 400 1821 Visus
414 1754 531 1819 etenim
546 1754 579 1818 in
595 1752 664 1818 solo
679 1775 824 1838 corpore,
839 1774 943 1838 eoque
957 1765 1124 1836 praesente,
1139 1754 1259 1820 colores

304 1868 428 1922 tantum
452 1868 486 1921 et
511 1855 707 1942 quantitates
730 1853 900 1925 examinat.
925 1865 957 1917 et
981 1853 1111 1938 figuras.
1157 1857 1260 1921 Sonus

304 1961 391 2024 solus
405 1957 561 2043 contingit
576 1955 736 2021 auditum.
783 1956 910 2021 Gustus
923 1954 965 2019 de
986 1956 1153 2039 saporibus
1167 1959 1259 2045 judi·

301 2073 364 2128 cat.
409 2060 586 2128 olfaciendi
603 2059 699 2125 visin
720 2059 875 2125 odormus
890 2071 959 2123 tota
973 2075 1126 2126 versatur.
1171 2062 1259 2140 Quid

303 2164 432 2244 durum,
449 2164 528 2251 quid
545 2164 640 2230 molle
655 2164 707 2243 sit,
724 2163 802 2250 qnid
818 2163 899 2240 lene,
915 2162 994 2249 quid
1008 2185 1167 2249 asperum,
1178 2165 1260 2251 quid

303 2266 527 2352 ponderosum,
541 2265 622 2352 quid
647 2265 726 2342 leve,
743 2265 823 2350 quid
848 2265 987 2330 calidum
1012 2279 1070 2331 aut
1092 2266 1259 2353 frigidum,

304 2368 383 2453 quid
398 2367 567 2433 humidum
583 2369 623 2432 sit
643 2381 701 2432 aut
716 2370 847 2449 siccum,
863 2380 970 2433 tactus
991 2367 1153 2435 discernit.
1198 2374 1260 2436 Est

303 2468 464 2534 interdum
493 2468 607 2553 ligurae
637 2468 832 2555 explorator,
853 2480 887 2532 et
916 2468 1106 2554 quantitatis
1126 2482 1160 2534 et
1181 2493 1259 2558 pon·

303 2569 389 2634 deris
411 2569 563 2635 conscius.
608 2570 761 2636 Dolorem
783 2592 916 2656 quoque
938 2570 1085 2656 percipit,
1099 2584 1132 2636 et
1148 2572 1259 2658 volup·

305 2683 415 2736 tatem.
462 2671 560 2758 lsque
575 2695 632 2758 per
646 2693 755 2736 omnes
769 2673 836 2736 fere
850 2673 967 2738 sensati
990 2674 1133 2759 corporis
1153 2687 1260 2760 partes

305 2771 511 2854 diffunditur,
527 2774 671 2859 adeoque
686 2775 799 2841 auimae
818 2774 982 2840 cohaerens
1003 2787 1065 2852 cst,
1080 2789 1118 2838 ut
1139 2798 1177 2839 eo
1198 2776 1261 2841 dis-

305 2872 438 2938 cedente
454 2872 601 2938 videatur
622 2886 653 2938 ct
678 2883 745 2939 tota
766 2875 908 2962 corporis
923 2875 991 2939 vita
1011 2873 1180 2941 discedere.
1228 2877 1261 2940 Si

306 2997 383 3038 vero
397 2995 565 3061 corporum
577 2975 755 3040 absentium
771 2978 924 3064 prael'atas
935 2974 1146 3063 proprietates
1155 2979 1261 3064 inqui-

307 3075 362 3154 ris,
384 3075 430 3140 eis
452 3075 511 3141 tibi
542 3089 641 3142 tracta
664 3077 872 3146 similitudine
896 3079 938 3144 ab
968 3077 1018 3143 his
1048 3100 1127 3164 quas
1153 3101 1262 3144 sensus

306 3179 448 3260 agnovit,
477 3177 594 3262 poterit
624 3177 810 3262 imaginatio
839 3192 1141 3266 praesentemque
1171 3192 1262 3245 tanto

306 3277 366 3344 erit
377 3277 511 3355 fidelior,
522 3291 644 3364 quanto
654 3280 833 3366 expressior
843 3281 942 3345 fuerit
955 3279 1141 3345 similitudo.
1164 3281 1262 3346 Unde

306 3393 337 3446 et
352 3380 488 3468 Tityrus
501 3379 590 3467 apud
606 3383 784 3456 Maronem,
800 3403 864 3445 non
879 3394 1032 3448 assecuta
1046 3381 1262 3447 similitudinis

308 3481 386 3548 vitio
405 3481 527 3570 lapsam
545 3481 604 3546 sibi
619 3481 769 3568 queritur
783 3481 1052 3569 imaginationem.

414 3617 515 3669 Urbem
527 3633 606 3686 quam
617 3615 707 3668 dicunt
719 3615 840 3683 Romam,
854 3617 991 3684 Meliboee,
1003 3620 1093 3690 putari

414 3701 516 3755 Stultus
528 3719 578 3766 ego
588 3701 649 3754 huic
660 3707 756 3755 nostroe
767 3701 889 3768 similem,
901 3721 951 3773 quc
962 3719 1034 3776 soepe
1046 3703 1158 3758 solemus

412 3786 536 3840 Pastores
547 3787 634 3840 ovium
645 3791 746 3840 teneros
757 3786 890 3860 depellere
901 3787 992 3842 iaetus:

411 3873 512 3928 Verum
523 3871 581 3926 haec
592 3875 694 3926 tantiam
706 3871 773 3926 alias
784 3873 852 3926 intur
863 3879 942 3946 capnt
951 3865 1047 3928 extulit
1058 3875 1145 3940 urbes,

412 3959 547 4022 Quantum
557 3957 630 4011 lenta
641 3956 726 4012 solent
734 3959 803 4012 inter
813 3959 923 4012 viburna
933 3961 1057 4032 cupressi.

312 4077 365 4142 Sin
388 4087 496 4142 sutem
519 4073 707 4140 familiarius
729 4077 920 4160 expresserit
942 4075 988 4141 rei
1010 4075 1261 4158 similitudinem,

309 4177 411 4244 fidelis
424 4191 457 4244 et
473 4200 549 4244 vera
559 4193 607 4242 est
617 4175 815 4262 imaginatio,
827 4177 916 4264 quali
928 4179 1031 4246 utitur
1041 4180 1263 4250 Andromache

310 4282 398 4366 apud
412 4279 603 4366 Virgilium:

415 4406 440 4456 0
451 4405 515 4458 milri
527 4405 583 4458 sola
594 4403 645 4456 rusi
658 4419 735 4474 snper
748 4401 919 4472 Astyanactis
929 4405 1024 4473 imago,
