<?xml version="1.0" encoding="UTF-8"?>
<!DOCTYPE html PUBLIC "-//W3C//DTD XHTML 1.0 Transitional//EN"
    "http://www.w3.org/TR/xhtml1/DTD/xhtml1-transitional.dtd">
<html xmlns="http://www.w3.org/1999/xhtml" xml:lang="en" lang="en">
 <head>
  <title>
</title>
<meta http-equiv="Content-Type" content="text/html;charset=utf-8" />
  <meta name='ocr-system' content='tesseract 3.04.00' />
  <meta name='ocr-capabilities' content='ocr_page ocr_carea ocr_par ocr_line ocrx_word'/>
</head>
<body>
  <div class='ocr_page' id='page_1' title='image "./operaomnianuncp04johngoog_0047.png"; bbox 0 0 3425 5367; ppageno 0'>
   <div class='ocr_carea' id='block_1_1' title="bbox 450 686 1408 765">
    <p class='ocr_par' dir='ltr' id='par_1_1' title="bbox 450 686 1408 765">
     <span class='ocr_line' id='line_1_1' title="bbox 450 686 1408 765; baseline -0.002 -12"><span class='ocrx_word' id='word_1_1' title='bbox 450 694 492 753; x_wconf 79' lang='grc'><strong>86</strong></span> <span class='ocrx_word' id='word_1_2' title='bbox 696 704 831 748; x_wconf 77' lang='lat' dir='ltr'><strong>Jonnms</strong></span> <span class='ocrx_word' id='word_1_3' title='bbox 847 698 1124 747; x_wconf 76' lang='lat' dir='ltr'><strong>sanssncnrassrs</strong></span> <span class='ocrx_word' id='word_1_4' title='bbox 1285 686 1365 765; x_wconf 83' lang='lat' dir='ltr'><strong>[sm.</strong></span> <span class='ocrx_word' id='word_1_5' title='bbox 1383 702 1408 752; x_wconf 86' lang='lat'><strong>1.</strong></span> 
     </span>
    </p>
   </div>
   <div class='ocr_carea' id='block_1_2' title="bbox 453 850 1407 1523">
    <p class='ocr_par' dir='ltr' id='par_1_2' title="bbox 453 850 1407 1523">
     <span class='ocr_line' id='line_1_2' title="bbox 453 850 1407 940; baseline -0.004 -19"><span class='ocrx_word' id='word_1_6' title='bbox 453 850 1407 940; x_wconf 75' lang='lat' dir='ltr'><strong>EgregiaquidemEleazarusquumredimendoevitoecausa</strong></span> 
     </span>
     <span class='ocr_line' id='line_1_3' title="bbox 454 951 1406 1039; baseline -0.006 -18"><span class='ocrx_word' id='word_1_7' title='bbox 454 955 677 1021; x_wconf 75' lang='lat' dir='ltr'>sollicitaretur</span> <span class='ocrx_word' id='word_1_8' title='bbox 698 951 896 1018; x_wconf 80' lang='lat' dir='ltr'><strong>committere</strong></span> <span class='ocrx_word' id='word_1_9' title='bbox 917 952 950 1015; x_wconf 94' lang='lat' dir='ltr'><strong>in</strong></span> <span class='ocrx_word' id='word_1_10' title='bbox 977 951 1079 1036; x_wconf 83' lang='lat' dir='ltr'><strong>legem</strong></span> <span class='ocrx_word' id='word_1_11' title='bbox 1101 951 1244 1032; x_wconf 82' lang='lat' dir='ltr'>Domini,</span> <span class='ocrx_word' id='word_1_12' title='bbox 1264 954 1406 1039; x_wconf 85' lang='lat' dir='ltr'><strong>exempli</strong></span> 
     </span>
     <span class='ocr_line' id='line_1_4' title="bbox 453 1050 1405 1142; baseline -0.002 -23"><span class='ocrx_word' id='word_1_13' title='bbox 453 1054 630 1142; x_wconf 88' lang='lat' dir='ltr'><strong>periculum</strong></span> <span class='ocrx_word' id='word_1_14' title='bbox 645 1052 806 1140; x_wconf 87' lang='lat' dir='ltr'><strong>opposuit,</strong></span> <span class='ocrx_word' id='word_1_15' title='bbox 820 1052 946 1116; x_wconf 88' lang='lat' dir='ltr'><strong>dicens:</strong></span> <span class='ocrx_word' id='word_1_16' title='bbox 971 1050 1054 1125; x_wconf 85' lang='lat' dir='ltr'><strong>Quia</strong></span> <span class='ocrx_word' id='word_1_17' title='bbox 1067 1076 1128 1137; x_wconf 81' lang='lat' dir='ltr'><strong>ego</strong></span> <span class='ocrx_word' id='word_1_18' title='bbox 1142 1076 1215 1117; x_wconf 91' lang='lat' dir='ltr'><strong>sum</strong></span> <span class='ocrx_word' id='word_1_19' title='bbox 1230 1053 1405 1118; x_wconf 74' lang='lat' dir='ltr'><strong>Eleazarus</strong></span> 
     </span>
     <span class='ocr_line' id='line_1_5' title="bbox 455 1154 1404 1241; baseline -0.002 -20"><span class='ocrx_word' id='word_1_20' title='bbox 455 1156 627 1241; x_wconf 74' lang='lat' dir='ltr'><strong>nonaginta</strong></span> <span class='ocrx_word' id='word_1_21' title='bbox 641 1176 807 1229; x_wconf 90' lang='lat' dir='ltr'><strong>annorum,</strong></span> <span class='ocrx_word' id='word_1_22' title='bbox 821 1167 857 1219; x_wconf 87' lang='lat' dir='ltr'><strong>ut</strong></span> <span class='ocrx_word' id='word_1_23' title='bbox 873 1167 1029 1219; x_wconf 79' lang='lat' dir='ltr'><strong>transeam</strong></span> <span class='ocrx_word' id='word_1_24' title='bbox 1044 1154 1084 1217; x_wconf 91' lang='lat' dir='ltr'><strong>ad</strong></span> <span class='ocrx_word' id='word_1_25' title='bbox 1102 1154 1199 1219; x_wconf 82' lang='lat' dir='ltr'><strong>vitam</strong></span> <span class='ocrx_word' id='word_1_26' title='bbox 1214 1154 1404 1239; x_wconf 78' lang='lat' dir='ltr'><strong>alienigena·</strong></span> 
     </span>
     <span class='ocr_line' id='line_1_6' title="bbox 453 1254 1404 1341; baseline -0.003 -20"><span class='ocrx_word' id='word_1_27' title='bbox 453 1279 535 1331; x_wconf 87' lang='lat' dir='ltr'><strong>rum,</strong></span> <span class='ocrx_word' id='word_1_28' title='bbox 552 1270 583 1320; x_wconf 87' lang='lat' dir='ltr'><strong>et</strong></span> <span class='ocrx_word' id='word_1_29' title='bbox 599 1256 733 1341; x_wconf 82' lang='lat' dir='ltr'><strong>juvenes</strong></span> <span class='ocrx_word' id='word_1_30' title='bbox 750 1254 912 1339; x_wconf 85' lang='lat' dir='ltr'><strong>religiosos</strong></span> <span class='ocrx_word' id='word_1_31' title='bbox 927 1254 1097 1319; x_wconf 84' lang='lat' dir='ltr'><strong>seducam?</strong></span> <span class='ocrx_word' id='word_1_32' title='bbox 1125 1259 1313 1320; x_wconf 90' lang='lat' dir='ltr'><strong>Nascuntur</strong></span> <span class='ocrx_word' id='word_1_33' title='bbox 1327 1278 1404 1339; x_wconf 83' lang='lat' dir='ltr'><strong>ergo</strong></span> 
     </span>
     <span class='ocr_line' id='line_1_7' title="bbox 454 1355 1402 1443; baseline -0.002 -22"><span class='ocrx_word' id='word_1_34' title='bbox 454 1357 628 1443; x_wconf 88' lang='lat' dir='ltr'><strong>majoribus</strong></span> <span class='ocrx_word' id='word_1_35' title='bbox 646 1356 788 1423; x_wconf 76' lang='lat' dir='ltr'><strong>haeredes</strong></span> <span class='ocrx_word' id='word_1_36' title='bbox 803 1355 933 1441; x_wconf 86' lang='lat' dir='ltr'><strong>quidem</strong></span> <span class='ocrx_word' id='word_1_37' title='bbox 954 1356 1138 1439; x_wconf 80' lang='lat' dir='ltr'><strong>degeneres,</strong></span> <span class='ocrx_word' id='word_1_38' title='bbox 1153 1370 1185 1421; x_wconf 91' lang='lat' dir='ltr'><strong>et</strong></span> <span class='ocrx_word' id='word_1_39' title='bbox 1205 1358 1263 1442; x_wconf 93' lang='lat' dir='ltr'><strong>qui</strong></span> <span class='ocrx_word' id='word_1_40' title='bbox 1280 1356 1402 1422; x_wconf 83' lang='lat' dir='ltr'><strong>virilem</strong></span> 
     </span>
     <span class='ocr_line' id='line_1_8' title="bbox 454 1456 1112 1523; baseline -0.003 0"><span class='ocrx_word' id='word_1_41' title='bbox 454 1480 565 1523; x_wconf 85' lang='lat' dir='ltr'><strong>sexum</strong></span> <span class='ocrx_word' id='word_1_42' title='bbox 582 1457 728 1523; x_wconf 84' lang='lat' dir='ltr'><strong>muliebri</strong></span> <span class='ocrx_word' id='word_1_43' title='bbox 745 1457 878 1523; x_wconf 88' lang='lat' dir='ltr'><strong>mollitie</strong></span> <span class='ocrx_word' id='word_1_44' title='bbox 892 1456 1112 1521; x_wconf 78' lang='lat' dir='ltr'><strong>dehonestant.</strong></span> 
     </span>
    </p>
   </div>
   <div class='ocr_carea' id='block_1_3' title="bbox 496 1798 1361 1985">
    <p class='ocr_par' dir='ltr' id='par_1_3' title="bbox 496 1798 1361 1985">
     <span class='ocr_line' id='line_1_9' title="bbox 496 1798 1361 1886; baseline -0.008 -20"><span class='ocrx_word' id='word_1_45' title='bbox 496 1803 576 1886; x_wconf 86' lang='lat' dir='ltr'><strong>Cap.</strong></span> <span class='ocrx_word' id='word_1_46' title='bbox 592 1806 621 1865; x_wconf 84' lang='lat'><strong>6.</strong></span> <span class='ocrx_word' id='word_1_47' title='bbox 646 1800 697 1863; x_wconf 87' lang='lat' dir='ltr'><strong>De</strong></span> <span class='ocrx_word' id='word_1_48' title='bbox 713 1803 846 1876; x_wconf 82' lang='lat' dir='ltr'><strong>musico,</strong></span> <span class='ocrx_word' id='word_1_49' title='bbox 862 1806 893 1861; x_wconf 86' lang='lat' dir='ltr'><strong>et</strong></span> <span class='ocrx_word' id='word_1_50' title='bbox 906 1798 1141 1877; x_wconf 80' lang='lat' dir='ltr'><strong>instrumentis,</strong></span> <span class='ocrx_word' id='word_1_51' title='bbox 1155 1804 1186 1860; x_wconf 88' lang='lat' dir='ltr'><strong>et</strong></span> <span class='ocrx_word' id='word_1_52' title='bbox 1201 1798 1311 1873; x_wconf 82' lang='lat' dir='ltr'><strong>modia,</strong></span> <span class='ocrx_word' id='word_1_53' title='bbox 1327 1804 1361 1859; x_wconf 84' lang='lat' dir='ltr'><strong>et</strong></span> 
     </span>
     <span class='ocr_line' id='line_1_10' title="bbox 798 1902 1048 1985; baseline 0.004 -22"><span class='ocrx_word' id='word_1_54' title='bbox 798 1902 916 1985; x_wconf 78' lang='lat' dir='ltr'><strong>fractu</strong></span> <span class='ocrx_word' id='word_1_55' title='bbox 932 1920 1048 1964; x_wconf 76' lang='lat' dir='ltr'><strong>emam.</strong></span> 
     </span>
    </p>
   </div>
   <div class='ocr_carea' id='block_1_4' title="bbox 442 2055 1410 4363">
    <p class='ocr_par' dir='ltr' id='par_1_4' title="bbox 442 2055 1410 4363">
     <span class='ocr_line' id='line_1_11' title="bbox 496 2055 1403 2141; baseline -0.003 -18"><span class='ocrx_word' id='word_1_56' title='bbox 496 2058 572 2123; x_wconf 73' lang='lat' dir='ltr'><strong>Non</strong></span> <span class='ocrx_word' id='word_1_57' title='bbox 591 2070 696 2121; x_wconf 88' lang='lat' dir='ltr'><strong>tamen</strong></span> <span class='ocrx_word' id='word_1_58' title='bbox 713 2055 879 2123; x_wconf 88' lang='lat' dir='ltr'><strong>curialium</strong></span> <span class='ocrx_word' id='word_1_59' title='bbox 902 2055 995 2141; x_wconf 77' lang='lat' dir='ltr'><strong>nugis</strong></span> <span class='ocrx_word' id='word_1_60' title='bbox 1016 2059 1167 2121; x_wconf 85' lang='lat' dir='ltr'><strong>musicam</strong></span> <span class='ocrx_word' id='word_1_61' title='bbox 1189 2055 1403 2121; x_wconf 83' lang='lat' dir='ltr'><strong>calumnietur</strong></span> 
     </span>
     <span class='ocr_line' id='line_1_12' title="bbox 451 2157 1403 2245; baseline -0.002 -21"><span class='ocrx_word' id='word_1_62' title='bbox 451 2159 568 2245; x_wconf 86' lang='lat' dir='ltr'><strong>aliquis</strong></span> <span class='ocrx_word' id='word_1_63' title='bbox 583 2158 744 2235; x_wconf 84' lang='lat' dir='ltr'><strong>sociatam,</strong></span> <span class='ocrx_word' id='word_1_64' title='bbox 757 2158 829 2223; x_wconf 90' lang='lat' dir='ltr'><strong>licet</strong></span> <span class='ocrx_word' id='word_1_65' title='bbox 841 2181 874 2223; x_wconf 86' lang='lat' dir='ltr'><strong>se</strong></span> <span class='ocrx_word' id='word_1_66' title='bbox 885 2157 1038 2223; x_wconf 85' lang='lat' dir='ltr'><strong>beneficio</strong></span> <span class='ocrx_word' id='word_1_67' title='bbox 1051 2159 1121 2243; x_wconf 90' lang='lat' dir='ltr'><strong>ejus</strong></span> <span class='ocrx_word' id='word_1_68' title='bbox 1132 2170 1286 2221; x_wconf 89' lang='lat' dir='ltr'><strong>conentur</strong></span> <span class='ocrx_word' id='word_1_69' title='bbox 1301 2180 1403 2242; x_wconf 81' lang='lat' dir='ltr'><strong>nuga·</strong></span> 
     </span>
     <span class='ocr_line' id='line_1_13' title="bbox 450 2256 1403 2343; baseline -0.003 -19"><span class='ocrx_word' id='word_1_70' title='bbox 450 2272 554 2325; x_wconf 90' lang='lat' dir='ltr'><strong>torum</strong></span> <span class='ocrx_word' id='word_1_71' title='bbox 571 2256 701 2343; x_wconf 89' lang='lat' dir='ltr'><strong>plurimi</strong></span> <span class='ocrx_word' id='word_1_72' title='bbox 716 2256 947 2322; x_wconf 89' lang='lat' dir='ltr'><strong>commendare.</strong></span> <span class='ocrx_word' id='word_1_73' title='bbox 987 2256 1165 2342; x_wconf 88' lang='lat' dir='ltr'><strong>Disciplina</strong></span> <span class='ocrx_word' id='word_1_74' title='bbox 1179 2256 1310 2341; x_wconf 86' lang='lat' dir='ltr'><strong>quidem</strong></span> <span class='ocrx_word' id='word_1_75' title='bbox 1326 2257 1403 2321; x_wconf 85' lang='lat' dir='ltr'><strong>lihe-</strong></span> 
     </span>
     <span class='ocr_line' id='line_1_14' title="bbox 450 2356 1406 2443; baseline -0.004 -20"><span class='ocrx_word' id='word_1_76' title='bbox 450 2358 525 2423; x_wconf 88' lang='lat' dir='ltr'><strong>ralis</strong></span> <span class='ocrx_word' id='word_1_77' title='bbox 540 2370 598 2435; x_wconf 87' lang='lat' dir='ltr'><strong>est,</strong></span> <span class='ocrx_word' id='word_1_78' title='bbox 611 2371 642 2423; x_wconf 90' lang='lat' dir='ltr'><strong>et</strong></span> <span class='ocrx_word' id='word_1_79' title='bbox 659 2358 724 2423; x_wconf 87' lang='lat' dir='ltr'><strong>sive</strong></span> <span class='ocrx_word' id='word_1_80' title='bbox 739 2358 969 2443; x_wconf 85' lang='lat' dir='ltr'><strong>Pythagoram,</strong></span> <span class='ocrx_word' id='word_1_81' title='bbox 978 2357 1043 2421; x_wconf 81' lang='lat' dir='ltr'><strong>sive</strong></span> <span class='ocrx_word' id='word_1_82' title='bbox 1060 2358 1208 2441; x_wconf 86' lang='lat' dir='ltr'><strong>Moysen,</strong></span> <span class='ocrx_word' id='word_1_83' title='bbox 1217 2357 1283 2421; x_wconf 85' lang='lat' dir='ltr'><strong>sive</strong></span> <span class='ocrx_word' id='word_1_84' title='bbox 1293 2356 1406 2421; x_wconf 90' lang='lat' dir='ltr'><strong>Tuhal</strong></span> 
     </span>
     <span class='ocr_line' id='line_1_15' title="bbox 449 2459 1404 2547; baseline 0 -22"><span class='ocrx_word' id='word_1_85' title='bbox 449 2474 573 2547; x_wconf 89' lang='lat' dir='ltr'><strong>patrem</strong></span> <span class='ocrx_word' id='word_1_86' title='bbox 600 2460 779 2527; x_wconf 86' lang='lat' dir='ltr'><strong>canentium</strong></span> <span class='ocrx_word' id='word_1_87' title='bbox 803 2461 835 2525; x_wconf 94' lang='lat' dir='ltr'><strong>in</strong></span> <span class='ocrx_word' id='word_1_88' title='bbox 863 2463 1006 2547; x_wconf 88' lang='lat' dir='ltr'><strong>cythara,</strong></span> <span class='ocrx_word' id='word_1_89' title='bbox 1029 2459 1177 2525; x_wconf 90' lang='lat' dir='ltr'><strong>editionis</strong></span> <span class='ocrx_word' id='word_1_90' title='bbox 1200 2481 1268 2524; x_wconf 86' lang='lat' dir='ltr'><strong>suae</strong></span> <span class='ocrx_word' id='word_1_91' title='bbox 1291 2460 1404 2525; x_wconf 91' lang='lat' dir='ltr'><strong>laudat</strong></span> 
     </span>
     <span class='ocr_line' id='line_1_16' title="bbox 450 2562 1405 2647; baseline 0.002 -23"><span class='ocrx_word' id='word_1_92' title='bbox 450 2574 623 2642; x_wconf 85' lang='lat' dir='ltr'><strong>auctorem,</strong></span> <span class='ocrx_word' id='word_1_93' title='bbox 649 2562 823 2647; x_wconf 86' lang='lat' dir='ltr'><strong>ingenuum</strong></span> <span class='ocrx_word' id='word_1_94' title='bbox 849 2562 946 2627; x_wconf 85' lang='lat' dir='ltr'><strong>habet</strong></span> <span class='ocrx_word' id='word_1_95' title='bbox 973 2574 1092 2642; x_wconf 86' lang='lat' dir='ltr'><strong>ortum,</strong></span> <span class='ocrx_word' id='word_1_96' title='bbox 1116 2575 1148 2626; x_wconf 87' lang='lat' dir='ltr'><strong>et</strong></span> <span class='ocrx_word' id='word_1_97' title='bbox 1177 2562 1305 2627; x_wconf 88' lang='lat' dir='ltr'><strong>virtutis</strong></span> <span class='ocrx_word' id='word_1_98' title='bbox 1335 2586 1405 2628; x_wconf 83' lang='lat' dir='ltr'><strong>suae</strong></span> 
     </span>
     <span class='ocr_line' id='line_1_17' title="bbox 450 2663 1404 2751; baseline 0 -24"><span class='ocrx_word' id='word_1_99' title='bbox 450 2663 604 2749; x_wconf 85' lang='lat' dir='ltr'><strong>potentia,</strong></span> <span class='ocrx_word' id='word_1_100' title='bbox 619 2664 857 2751; x_wconf 87' lang='lat' dir='ltr'><strong>specierumque</strong></span> <span class='ocrx_word' id='word_1_101' title='bbox 874 2665 1035 2742; x_wconf 81' lang='lat' dir='ltr'><strong>varietate,</strong></span> <span class='ocrx_word' id='word_1_102' title='bbox 1051 2677 1083 2729; x_wconf 88' lang='lat' dir='ltr'><strong>et</strong></span> <span class='ocrx_word' id='word_1_103' title='bbox 1099 2664 1157 2729; x_wconf 93' lang='lat' dir='ltr'><strong>sibi</strong></span> <span class='ocrx_word' id='word_1_104' title='bbox 1172 2663 1404 2727; x_wconf 81' lang='lat' dir='ltr'><strong>famulantibus</strong></span> 
     </span>
     <span class='ocr_line' id='line_1_18' title="bbox 449 2762 1401 2851; baseline 0.002 -24"><span class='ocrx_word' id='word_1_105' title='bbox 449 2765 601 2844; x_wconf 89' lang='lat' dir='ltr'><strong>numeris,</strong></span> <span class='ocrx_word' id='word_1_106' title='bbox 617 2762 764 2831; x_wconf 87' lang='lat' dir='ltr'><strong>universa</strong></span> <span class='ocrx_word' id='word_1_107' title='bbox 779 2765 1012 2851; x_wconf 86' lang='lat' dir='ltr'><strong>complectitur,</strong></span> <span class='ocrx_word' id='word_1_108' title='bbox 1027 2766 1170 2829; x_wconf 90' lang='lat' dir='ltr'><strong>omnium</strong></span> <span class='ocrx_word' id='word_1_109' title='bbox 1190 2789 1265 2851; x_wconf 83' lang='lat' dir='ltr'><strong>quae</strong></span> <span class='ocrx_word' id='word_1_110' title='bbox 1279 2776 1355 2829; x_wconf 88' lang='lat' dir='ltr'><strong>sunt</strong></span> <span class='ocrx_word' id='word_1_111' title='bbox 1369 2776 1401 2828; x_wconf 89' lang='lat' dir='ltr'><strong>et</strong></span> 
     </span>
     <span class='ocr_line' id='line_1_19' title="bbox 451 2866 1403 2949; baseline 0 -20"><span class='ocrx_word' id='word_1_112' title='bbox 451 2888 524 2949; x_wconf 83' lang='lat' dir='ltr'><strong>quae</strong></span> <span class='ocrx_word' id='word_1_113' title='bbox 539 2866 700 2942; x_wconf 86' lang='lat' dir='ltr'><strong>dicuntur,</strong></span> <span class='ocrx_word' id='word_1_114' title='bbox 713 2866 917 2932; x_wconf 88' lang='lat' dir='ltr'><strong>dissidentem</strong></span> <span class='ocrx_word' id='word_1_115' title='bbox 932 2880 965 2932; x_wconf 87' lang='lat' dir='ltr'><strong>et</strong></span> <span class='ocrx_word' id='word_1_116' title='bbox 977 2867 1136 2932; x_wconf 91' lang='lat' dir='ltr'><strong>dissonam</strong></span> <span class='ocrx_word' id='word_1_117' title='bbox 1152 2867 1403 2944; x_wconf 89' lang='lat' dir='ltr'><strong>multitudinem,</strong></span> 
     </span>
     <span class='ocr_line' id='line_1_20' title="bbox 448 2967 1400 3054; baseline -0.002 -23"><span class='ocrx_word' id='word_1_118' title='bbox 448 2969 692 3054; x_wconf 89' lang='lat' dir='ltr'><strong>proportionum</strong></span> <span class='ocrx_word' id='word_1_119' title='bbox 708 2990 850 3043; x_wconf 87' lang='lat' dir='ltr'><strong>suarum,</strong></span> <span class='ocrx_word' id='word_1_120' title='bbox 863 2968 896 3030; x_wconf 94' lang='lat' dir='ltr'><strong>id</strong></span> <span class='ocrx_word' id='word_1_121' title='bbox 913 2981 972 3047; x_wconf 89' lang='lat' dir='ltr'><strong>est,</strong></span> <span class='ocrx_word' id='word_1_122' title='bbox 982 2969 1133 3052; x_wconf 75' lang='lat' dir='ltr'><strong>inaequali</strong></span> <span class='ocrx_word' id='word_1_123' title='bbox 1146 2969 1284 3053; x_wconf 91' lang='lat' dir='ltr'><strong>quadam</strong></span> <span class='ocrx_word' id='word_1_124' title='bbox 1301 2967 1400 3054; x_wconf 88' lang='lat' dir='ltr'><strong>aequi·</strong></span> 
     </span>
     <span class='ocr_line' id='line_1_21' title="bbox 449 3066 1402 3153; baseline 0.001 -23"><span class='ocrx_word' id='word_1_125' title='bbox 449 3066 524 3130; x_wconf 83' lang='lat' dir='ltr'><strong>tatis</strong></span> <span class='ocrx_word' id='word_1_126' title='bbox 542 3066 611 3151; x_wconf 83' lang='lat' dir='ltr'><strong>lege</strong></span> <span class='ocrx_word' id='word_1_127' title='bbox 626 3066 805 3131; x_wconf 88' lang='lat' dir='ltr'><strong>concilians.</strong></span> <span class='ocrx_word' id='word_1_128' title='bbox 851 3071 924 3132; x_wconf 89' lang='lat' dir='ltr'><strong>Hac</strong></span> <span class='ocrx_word' id='word_1_129' title='bbox 938 3068 1054 3130; x_wconf 88' lang='lat' dir='ltr'><strong>etenim</strong></span> <span class='ocrx_word' id='word_1_130' title='bbox 1070 3068 1209 3131; x_wconf 84' lang='lat' dir='ltr'><strong>coelestia</strong></span> <span class='ocrx_word' id='word_1_131' title='bbox 1224 3080 1402 3153; x_wconf 81' lang='lat' dir='ltr'><strong>temperan-</strong></span> 
     </span>
     <span class='ocr_line' id='line_1_22' title="bbox 449 3164 1402 3250; baseline 0.001 -18"><span class='ocrx_word' id='word_1_132' title='bbox 449 3180 514 3243; x_wconf 85' lang='lat' dir='ltr'><strong>tur,</strong></span> <span class='ocrx_word' id='word_1_133' title='bbox 538 3164 698 3231; x_wconf 89' lang='lat' dir='ltr'><strong>mundana</strong></span> <span class='ocrx_word' id='word_1_134' title='bbox 728 3166 792 3230; x_wconf 88' lang='lat' dir='ltr'><strong>sive</strong></span> <span class='ocrx_word' id='word_1_135' title='bbox 816 3167 956 3231; x_wconf 84' lang='lat' dir='ltr'><strong>humana</strong></span> <span class='ocrx_word' id='word_1_136' title='bbox 984 3178 1159 3250; x_wconf 82' lang='lat' dir='ltr'><strong>reguntur:</strong></span> <span class='ocrx_word' id='word_1_137' title='bbox 1193 3167 1261 3229; x_wconf 86' lang='lat' dir='ltr'><strong>haec</strong></span> <span class='ocrx_word' id='word_1_138' title='bbox 1285 3167 1402 3233; x_wconf 88' lang='lat' dir='ltr'><strong>instru-</strong></span> 
     </span>
     <span class='ocr_line' id='line_1_23' title="bbox 449 3266 1410 3352; baseline -0.002 -19"><span class='ocrx_word' id='word_1_139' title='bbox 449 3279 556 3333; x_wconf 87' lang='lat' dir='ltr'><strong>menta</strong></span> <span class='ocrx_word' id='word_1_140' title='bbox 576 3287 680 3333; x_wconf 86' lang='lat' dir='ltr'><strong>mores</strong></span> <span class='ocrx_word' id='word_1_141' title='bbox 698 3266 861 3333; x_wconf 83' lang='lat' dir='ltr'><strong>instruunt</strong></span> <span class='ocrx_word' id='word_1_142' title='bbox 884 3280 916 3333; x_wconf 91' lang='lat' dir='ltr'><strong>et</strong></span> <span class='ocrx_word' id='word_1_143' title='bbox 936 3267 1121 3346; x_wconf 79' lang='lat' dir='ltr'><strong>informant,</strong></span> <span class='ocrx_word' id='word_1_144' title='bbox 1135 3266 1294 3352; x_wconf 86' lang='lat' dir='ltr'><strong>ipsiusque</strong></span> <span class='ocrx_word' id='word_1_145' title='bbox 1314 3268 1410 3331; x_wconf 87' lang='lat' dir='ltr'><strong>vocis·</strong></span> 
     </span>
     <span class='ocr_line' id='line_1_24' title="bbox 448 3365 1398 3453; baseline -0.002 -20"><span class='ocrx_word' id='word_1_146' title='bbox 448 3368 624 3436; x_wconf 81' lang='lat' dir='ltr'><strong>articulatae</strong></span> <span class='ocrx_word' id='word_1_147' title='bbox 641 3367 691 3433; x_wconf 88' lang='lat' dir='ltr'><strong>vel</strong></span> <span class='ocrx_word' id='word_1_148' title='bbox 708 3368 916 3436; x_wconf 73' lang='lat' dir='ltr'><strong>inarticulata</strong></span> <span class='ocrx_word' id='word_1_149' title='bbox 935 3368 1145 3433; x_wconf 89' lang='lat' dir='ltr'><strong>substantiam</strong></span> <span class='ocrx_word' id='word_1_150' title='bbox 1162 3365 1243 3430; x_wconf 90' lang='lat' dir='ltr'><strong>miro</strong></span> <span class='ocrx_word' id='word_1_151' title='bbox 1258 3367 1398 3453; x_wconf 92' lang='lat' dir='ltr'><strong>quodam</strong></span> 
     </span>
     <span class='ocr_line' id='line_1_25' title="bbox 449 3469 1400 3556; baseline -0.003 -20"><span class='ocrx_word' id='word_1_152' title='bbox 449 3480 571 3536; x_wconf 85' lang='lat' dir='ltr'><strong>naturae</strong></span> <span class='ocrx_word' id='word_1_153' title='bbox 595 3470 731 3556; x_wconf 83' lang='lat' dir='ltr'><strong>opificio,</strong></span> <span class='ocrx_word' id='word_1_154' title='bbox 757 3470 875 3534; x_wconf 88' lang='lat' dir='ltr'><strong>melicis</strong></span> <span class='ocrx_word' id='word_1_155' title='bbox 901 3469 1035 3553; x_wconf 89' lang='lat' dir='ltr'><strong>picturis</strong></span> <span class='ocrx_word' id='word_1_156' title='bbox 1060 3470 1260 3554; x_wconf 83' lang='lat' dir='ltr'><strong>rythmorum</strong></span> <span class='ocrx_word' id='word_1_157' title='bbox 1284 3483 1400 3533; x_wconf 86' lang='lat' dir='ltr'><strong>metro·</strong></span> 
     </span>
     <span class='ocr_line' id='line_1_26' title="bbox 448 3569 1400 3655; baseline 0 -22"><span class='ocrx_word' id='word_1_158' title='bbox 448 3592 584 3655; x_wconf 87' lang='lat' dir='ltr'><strong>rumque</strong></span> <span class='ocrx_word' id='word_1_159' title='bbox 605 3569 764 3633; x_wconf 92' lang='lat' dir='ltr'><strong>coloribus</strong></span> <span class='ocrx_word' id='word_1_160' title='bbox 784 3570 934 3644; x_wconf 89' lang='lat' dir='ltr'><strong>vestiunt,</strong></span> <span class='ocrx_word' id='word_1_161' title='bbox 956 3580 990 3632; x_wconf 86' lang='lat' dir='ltr'><strong>et</strong></span> <span class='ocrx_word' id='word_1_162' title='bbox 1011 3569 1150 3654; x_wconf 88' lang='lat' dir='ltr'><strong>quadam</strong></span> <span class='ocrx_word' id='word_1_163' title='bbox 1173 3570 1280 3634; x_wconf 89' lang='lat' dir='ltr'><strong>cultus</strong></span> <span class='ocrx_word' id='word_1_164' title='bbox 1301 3591 1400 3633; x_wconf 86' lang='lat' dir='ltr'><strong>venu-</strong></span> 
     </span>
     <span class='ocr_line' id='line_1_27' title="bbox 448 3665 1399 3753; baseline -0.001 -20"><span class='ocrx_word' id='word_1_165' title='bbox 448 3679 529 3733; x_wconf 88' lang='lat' dir='ltr'><strong>state</strong></span> <span class='ocrx_word' id='word_1_166' title='bbox 544 3679 726 3753; x_wconf 85' lang='lat' dir='ltr'><strong>perornant.</strong></span> <span class='ocrx_word' id='word_1_167' title='bbox 772 3668 878 3746; x_wconf 88' lang='lat' dir='ltr'><strong>Hanc,</strong></span> <span class='ocrx_word' id='word_1_168' title='bbox 894 3680 931 3733; x_wconf 90' lang='lat' dir='ltr'><strong>ut</strong></span> <span class='ocrx_word' id='word_1_169' title='bbox 947 3665 1099 3753; x_wconf 83' lang='lat' dir='ltr'><strong>suffragio</strong></span> <span class='ocrx_word' id='word_1_170' title='bbox 1118 3669 1399 3733; x_wconf 91' lang='lat' dir='ltr'><strong>commendationis</strong></span> 
     </span>
     <span class='ocr_line' id='line_1_28' title="bbox 447 3768 1397 3857; baseline 0.002 -24"><span class='ocrx_word' id='word_1_171' title='bbox 447 3780 564 3833; x_wconf 86' lang='lat' dir='ltr'><strong>nostrae</strong></span> <span class='ocrx_word' id='word_1_172' title='bbox 582 3790 643 3831; x_wconf 91' lang='lat' dir='ltr'><strong>non</strong></span> <span class='ocrx_word' id='word_1_173' title='bbox 665 3780 770 3852; x_wconf 82' lang='lat' dir='ltr'><strong>egeat,</strong></span> <span class='ocrx_word' id='word_1_174' title='bbox 787 3768 885 3833; x_wconf 85' lang='lat' dir='ltr'><strong>sancti</strong></span> <span class='ocrx_word' id='word_1_175' title='bbox 908 3782 1014 3856; x_wconf 84' lang='lat' dir='ltr'><strong>patres</strong></span> <span class='ocrx_word' id='word_1_176' title='bbox 1034 3771 1145 3836; x_wconf 89' lang='lat' dir='ltr'><strong>multis</strong></span> <span class='ocrx_word' id='word_1_177' title='bbox 1162 3770 1294 3834; x_wconf 90' lang='lat' dir='ltr'><strong>laudum</strong></span> <span class='ocrx_word' id='word_1_178' title='bbox 1316 3793 1397 3857; x_wconf 86' lang='lat' dir='ltr'><strong>prae-</strong></span> 
     </span>
     <span class='ocr_line' id='line_1_29' title="bbox 446 3868 1400 3958; baseline 0.004 -25"><span class='ocrx_word' id='word_1_179' title='bbox 446 3870 544 3934; x_wconf 87' lang='lat' dir='ltr'><strong>cuniis</strong></span> <span class='ocrx_word' id='word_1_180' title='bbox 567 3868 760 3934; x_wconf 87' lang='lat' dir='ltr'><strong>extulerunt.</strong></span> <span class='ocrx_word' id='word_1_181' title='bbox 806 3869 956 3958; x_wconf 89' lang='lat' dir='ltr'><strong>Denique</strong></span> <span class='ocrx_word' id='word_1_182' title='bbox 979 3872 1012 3935; x_wconf 91' lang='lat' dir='ltr'><strong>in</strong></span> <span class='ocrx_word' id='word_1_183' title='bbox 1035 3873 1106 3957; x_wconf 86' lang='lat' dir='ltr'><strong>ejus</strong></span> <span class='ocrx_word' id='word_1_184' title='bbox 1128 3872 1248 3936; x_wconf 84' lang='lat' dir='ltr'><strong>virtuto</strong></span> <span class='ocrx_word' id='word_1_185' title='bbox 1270 3872 1400 3955; x_wconf 81' lang='lat' dir='ltr'><strong>maligni</strong></span> 
     </span>
     <span class='ocr_line' id='line_1_30' title="bbox 448 3970 1401 4057; baseline 0.002 -23"><span class='ocrx_word' id='word_1_186' title='bbox 448 3970 579 4057; x_wconf 82' lang='lat' dir='ltr'><strong>spiritus</strong></span> <span class='ocrx_word' id='word_1_187' title='bbox 594 3970 745 4035; x_wconf 83' lang='lat' dir='ltr'><strong>violentia</strong></span> <span class='ocrx_word' id='word_1_188' title='bbox 760 3970 939 4049; x_wconf 90' lang='lat' dir='ltr'><strong>cohibetur,</strong></span> <span class='ocrx_word' id='word_1_189' title='bbox 954 3985 986 4039; x_wconf 91' lang='lat' dir='ltr'><strong>et</strong></span> <span class='ocrx_word' id='word_1_190' title='bbox 1007 3972 1092 4039; x_wconf 89' lang='lat' dir='ltr'><strong>illius</strong></span> <span class='ocrx_word' id='word_1_191' title='bbox 1105 3974 1198 4040; x_wconf 89' lang='lat' dir='ltr'><strong>etiam</strong></span> <span class='ocrx_word' id='word_1_192' title='bbox 1214 3973 1246 4036; x_wconf 92' lang='lat' dir='ltr'><strong>in</strong></span> <span class='ocrx_word' id='word_1_193' title='bbox 1262 3972 1401 4037; x_wconf 86' lang='lat' dir='ltr'><strong>subditis</strong></span> 
     </span>
     <span class='ocr_line' id='line_1_31' title="bbox 447 4071 1399 4159; baseline 0.001 -23"><span class='ocrx_word' id='word_1_194' title='bbox 447 4072 512 4136; x_wconf 87' lang='lat' dir='ltr'><strong>suis</strong></span> <span class='ocrx_word' id='word_1_195' title='bbox 535 4072 650 4137; x_wconf 91' lang='lat' dir='ltr'><strong>minuit</strong></span> <span class='ocrx_word' id='word_1_196' title='bbox 665 4071 794 4135; x_wconf 86' lang='lat' dir='ltr'><strong>musieae</strong></span> <span class='ocrx_word' id='word_1_197' title='bbox 813 4074 918 4158; x_wconf 89' lang='lat' dir='ltr'><strong>gratia</strong></span> <span class='ocrx_word' id='word_1_198' title='bbox 939 4087 1141 4159; x_wconf 88' lang='lat' dir='ltr'><strong>potestatem.</strong></span> <span class='ocrx_word' id='word_1_199' title='bbox 1185 4077 1293 4153; x_wconf 84' lang='lat' dir='ltr'><strong>Quum</strong></span> <span class='ocrx_word' id='word_1_200' title='bbox 1316 4077 1399 4139; x_wconf 90' lang='lat' dir='ltr'><strong>enim</strong></span> 
     </span>
     <span class='ocr_line' id='line_1_32' title="bbox 446 4173 1398 4262; baseline 0.003 -24"><span class='ocrx_word' id='word_1_201' title='bbox 446 4174 576 4262; x_wconf 87' lang='lat' dir='ltr'><strong>spiritus</strong></span> <span class='ocrx_word' id='word_1_202' title='bbox 597 4173 699 4237; x_wconf 89' lang='lat' dir='ltr'><strong>malus</strong></span> <span class='ocrx_word' id='word_1_203' title='bbox 722 4174 849 4239; x_wconf 86' lang='lat' dir='ltr'><strong>Saulem</strong></span> <span class='ocrx_word' id='word_1_204' title='bbox 872 4176 1048 4252; x_wconf 88' lang='lat' dir='ltr'><strong>invasisset,</strong></span> <span class='ocrx_word' id='word_1_205' title='bbox 1064 4177 1221 4262; x_wconf 91' lang='lat' dir='ltr'><strong>psallebat</strong></span> <span class='ocrx_word' id='word_1_206' title='bbox 1236 4176 1343 4241; x_wconf 86' lang='lat' dir='ltr'><strong>David</strong></span> <span class='ocrx_word' id='word_1_207' title='bbox 1363 4176 1398 4241; x_wconf 91' lang='lat' dir='ltr'><strong>in</strong></span> 
     </span>
     <span class='ocr_line' id='line_1_33' title="bbox 442 4275 1398 4363; baseline -0.003 -20"><span class='ocrx_word' id='word_1_208' title='bbox 442 4276 575 4363; x_wconf 86' lang='lat' dir='ltr'><strong>cythara</strong></span> <span class='ocrx_word' id='word_1_209' title='bbox 597 4275 628 4339; x_wconf 91' lang='lat' dir='ltr'><strong>in</strong></span> <span class='ocrx_word' id='word_1_210' title='bbox 653 4296 748 4340; x_wconf 88' lang='lat' dir='ltr'><strong>manu</strong></span> <span class='ocrx_word' id='word_1_211' title='bbox 772 4298 841 4351; x_wconf 88' lang='lat' dir='ltr'><strong>sua,</strong></span> <span class='ocrx_word' id='word_1_212' title='bbox 857 4275 957 4340; x_wconf 88' lang='lat' dir='ltr'><strong>donec</strong></span> <span class='ocrx_word' id='word_1_213' title='bbox 980 4278 1111 4362; x_wconf 87' lang='lat' dir='ltr'><strong>spiritus</strong></span> <span class='ocrx_word' id='word_1_214' title='bbox 1126 4300 1146 4341; x_wconf 90' lang='lat' dir='ltr'><strong>a</strong></span> <span class='ocrx_word' id='word_1_215' title='bbox 1167 4277 1250 4361; x_wconf 85' lang='lat' dir='ltr'><strong>regis</strong></span> <span class='ocrx_word' id='word_1_216' title='bbox 1272 4276 1398 4340; x_wconf 83' lang='lat' dir='ltr'><strong>infesta-</strong></span> 
     </span>
    </p>
   </div>
   <div class='ocr_carea' id='block_1_5' title="bbox 0 0 1718 5367">
    <p class='ocr_par' dir='ltr' id='par_1_5' title="bbox 0 0 1718 5367">
     <span class='ocr_line' id='line_1_34' title="bbox 0 0 1718 5367; baseline 0 2"><span class='ocrx_word' id='word_1_217' title='bbox 0 0 1718 5367; x_wconf 95' lang='lat' dir='ltr'><strong> </strong></span> 
     </span>
    </p>
   </div>
  </div>
 </body>
</html>
