3425 5367
337 756 406 800 cnr.
423 739 463 812 1.]
687 748 940 795 maronarrous
1222 729 1289 790 219

338 904 486 990 vitiisque
520 901 727 978 consentiens,
757 899 985 965 exterminator
1016 897 1156 983 Spiritus
1188 899 1289 962 sancti

336 1018 395 1069 est.
439 1006 539 1068 Porro
561 1001 698 1089 Spiritus
720 1015 780 1076 est,
795 999 852 1085 qui
875 998 1020 1084 loquitur
1040 997 1237 1083 aequitstem,
1253 997 1286 1060 in

336 1117 507 1192 conspectu
530 1102 710 1190 principum
730 1124 792 1165 uon
814 1100 983 1178 erubescit,
998 1113 1030 1164 et
1050 1121 1208 1185 pauperes
1225 1098 1289 1183 spi·

336 1205 401 1271 ritu
417 1205 547 1292 regibus
568 1205 745 1290 anteponit,
761 1213 816 1268 aut
837 1213 958 1287 aequat,
975 1214 1007 1265 et
1030 1223 1110 1286 quos
1131 1200 1193 1265 sibi
1216 1197 1290 1263 fecit

337 1306 507 1382 cohaerere,
522 1304 616 1367 docet
631 1303 710 1366 scire
727 1301 825 1387 loqui,
840 1313 873 1365 et
887 1301 990 1364 lacere
1006 1300 1181 1364 veritatem.
1228 1297 1291 1376 Qui

339 1431 415 1472 vero
437 1406 603 1470 veritatem
627 1427 689 1468 non
714 1403 782 1468 vult
805 1403 917 1466 audire
940 1401 990 1465 vel
1012 1401 1112 1487 loqui,
1135 1423 1154 1464 a
1177 1400 1291 1486 spiritu

340 1509 484 1573 veritatis
505 1507 627 1570 alienus
648 1518 706 1569 est.
752 1504 815 1567 Sed
838 1504 907 1568 haec
930 1503 1094 1567 haetenus.
1140 1505 1236 1565 Nunc
1258 1501 1291 1565 in

339 1634 406 1696 quo
421 1623 578 1696 tyrannus
592 1607 691 1672 distat
706 1629 725 1669 a
739 1605 883 1692 principe
898 1603 1074 1668 audiamus.

341 1799 422 1884 Cap.
442 1804 469 1861 l.
492 1800 544 1862 De
561 1797 743 1882 diffareatio
766 1793 927 1876 principia
949 1798 980 1856 et
1001 1794 1147 1872 tyranni,
1163 1798 1194 1856 et
1215 1791 1295 1873 quta
1339 1767 1348 1890 ’ἱ

709 1897 751 1958 sit
762 1896 923 1976 princeps.

383 2017 453 2077 Esr
468 2035 545 2097 ergo
566 2009 693 2095 tyranni
708 2021 740 2074 et
763 2008 914 2094 principis
936 2008 1003 2072 lioec
1025 2007 1203 2072 differentia
1218 2007 1294 2087 sola,

342 2114 428 2200 quod
450 2114 501 2176 hic
521 2113 584 2198 legi
605 2112 815 2197 obtemperat,
835 2124 868 2175 et
890 2112 960 2197 ejus
983 2110 1115 2174 arbitrio
1137 2109 1294 2196 populum

341 2216 435 2302 regit,
460 2216 554 2302 cujus
579 2237 612 2278 se
637 2213 738 2278 credit
763 2212 956 2292 ministrum,
982 2223 1014 2275 et
1038 2211 1071 2275 iu
1099 2211 1295 2298 Reipublicae

342 2318 529 2382 muneribus
552 2315 747 2390 exercendis,
774 2325 807 2378 et
830 2315 981 2378 oneribus
1008 2314 1192 2394 subeundis,
1218 2313 1296 2397 legis

342 2417 495 2482 beneficio
510 2417 571 2480 sibi
591 2416 730 2501 primum
752 2415 899 2480 vendicat
920 2414 1035 2488 locum,
1052 2417 1084 2478 iu
1100 2437 1201 2501 eoque
1216 2437 1296 2500 prae·

342 2518 445 2582 fertur
456 2517 579 2593 ceteris,
591 2516 679 2603 quod
692 2539 791 2602 quum
802 2515 918 2598 singuli
930 2527 1098 2580 teneantur
1109 2515 1150 2578 ad
1161 2515 1296 2602 singula,

343 2617 481 2704 principi
501 2640 599 2682 onera
620 2617 784 2682 imminent
808 2618 965 2681 universa.
1009 2615 1106 2680 Unde
1128 2617 1241 2682 merito
1263 2617 1295 2680 in

345 2740 418 2782 eum
444 2717 585 2781 omnium
614 2717 817 2780 subditorum
841 2731 983 2802 potestas
1004 2715 1178 2792 confertur,
1201 2729 1239 2782 ut
1263 2717 1295 2780 in

345 2818 485 2884 utilitate
510 2818 707 2903 singulorum
733 2832 766 2883 et
787 2819 930 2883 omnium
952 2818 1149 2904 exquirenda
1170 2833 1202 2884 et
1223 2820 1297 2885 faci·

345 2920 437 2996 enda,
454 2920 514 2984 sibi
529 2921 598 3005 ipse
613 2919 758 2996 sufficiat,
774 2933 806 2985 et
827 2921 974 2984 humanae
996 2920 1179 3005 reipublicae
1194 2933 1296 2984 status

345 3025 465 3108 optime
485 3022 684 3108 disponatur,
698 3022 775 3086 dum
801 3036 876 3087 sunt
896 3021 976 3086 alter
996 3021 1126 3086 alterius
1146 3025 1296 3088 membra.

348 3123 388 3186 lu
403 3145 470 3208 quo
484 3122 614 3207 quidem
628 3123 781 3208 optimam
806 3120 930 3186 vivendi
951 3121 1065 3184 ducem
1087 3133 1233 3186 naturam
1250 3144 1297 3186 se·

344 3224 486 3310 quimur,
502 3247 576 3310 quae
598 3223 791 3310 aragoniam
811 3223 871 3303 sui,
886 3222 918 3286 id
941 3236 999 3300 est,
1022 3222 1135 3286 mundi
1157 3221 1296 3298 minoris,

346 3327 482 3392 hominis
496 3327 626 3408 scilicet,
641 3349 750 3392 sensus
772 3327 934 3390 universos
953 3326 985 3388 in
1002 3327 1106 3411 capite
1121 3326 1297 3402 collocavit,

347 3432 431 3494 etei
454 3431 498 3492 sic
521 3430 668 3494 universa
689 3429 832 3494 membra
855 3426 1002 3512 subjecit,
1027 3441 1064 3490 ut
1086 3425 1192 3490 omnia
1213 3439 1298 3490 recte

346 3542 545 3606 moveantur,
572 3529 648 3594 dum
679 3532 747 3595 sani
773 3529 885 3616 capitis
915 3541 1093 3614 sequuntur
1119 3528 1297 3593 arbitrium.

349 3632 411 3696 Tot
427 3653 503 3715 ergo
524 3643 557 3696 et
579 3633 677 3697 tantis
696 3631 872 3718 privilegiis
896 3652 976 3716 apex
1001 3628 1184 3720 principalis
1199 3629 1300 3694 extol-

348 3730 438 3808 litur,
449 3745 482 3796 et
497 3732 698 3818 splendescit,
709 3745 790 3821 quot
805 3745 837 3796 et
849 3743 971 3818 quanta
983 3730 1042 3794 sibi
1055 3730 1115 3816 ipsi
1128 3729 1300 3794 necessaria

348 3833 495 3899 credidit.
529 3838 629 3900 Recte
644 3835 784 3920 quidem,
798 3839 877 3921 quia
892 3833 1012 3920 populo
1027 3832 1106 3896 nihil
1120 3831 1230 3896 utilius
1240 3845 1299 3907 est,

349 3957 446 4020 quam
462 3947 499 4000 ut
514 3934 666 4022 principis
678 3937 845 4000 necessitas
855 3933 1045 4020 expleatur?
1068 3933 1188 4018 quippe
1200 3955 1299 4018 quum

350 4060 408 4101 uec
427 4038 577 4103 voluntas
596 4039 676 4124 ejus,
693 4039 831 4124 justitiae
852 4037 1032 4102 inveniatur
1051 4035 1194 4100 adversa.
1239 4040 1301 4102 Est

351 4159 439 4220 ergo,
467 4153 503 4202 ut
529 4161 602 4201 eum
629 4138 773 4224 plerique
798 4137 967 4215 deliniunt,
993 4136 1138 4222 princeps
1164 4148 1302 4221 potestas

352 4237 492 4321 publiea,
504 4251 536 4302 et
551 4242 583 4302 in
596 4241 687 4303 terris
703 4239 851 4325 quaedam
864 4238 983 4302 divinae
998 4239 1171 4322 majestatis
1185 4236 1301 4320 imago.

354 4336 571 4400 l‘roeuldubio
586 4359 734 4422 maguum
749 4336 825 4421 quid
840 4335 957 4399 divinoe
975 4334 1112 4414 virtutis,
1123 4333 1302 4398 declaratur
