3425 5367
323 738 394 785 osr.
410 723 472 802 1v.]
661 738 913 787 sonvcasrrcus.
1232 728 1275 785 29

325 893 425 957 mavis
440 892 480 957 de
500 893 683 978 aequissimo
697 893 771 977 jure
789 893 962 973 Quiritum,
975 914 1080 957 rerum
1095 896 1146 957 vel
1162 896 1273 959 salutis

323 994 492 1077 utrobique
514 993 721 1079 dispendium
736 990 890 1057 imminet.
935 994 971 1057 Si
987 1006 1172 1058 venatorum
1188 995 1274 1078 quis-

222 1092 228 1103 '
322 1093 408 1176 piam
434 1106 629 1178 pertranseat
654 1094 735 1159 flues
764 1106 849 1170 tuos,
874 1095 915 1172 ei,
943 1116 1016 1178 quae
1045 1093 1133 1159 domi
1160 1096 1274 1170 babes,

322 1194 546 1261 incunctanter
575 1207 608 1261 et
636 1207 814 1260 reverenter
843 1217 981 1281 expone,
1007 1196 1160 1281 quodque
1185 1175 1280 1259 domi

321 1317 386 1359 non
409 1308 470 1375 est,
485 1308 517 1362 et
537 1299 636 1362 babet
651 1298 787 1375 ricinus,
807 1298 842 1361 in
866 1319 943 1361 usus
964 1296 1052 1360 illius
1074 1318 1156 1375 eme,
1169 1319 1212 1361 ne
1234 1320 1278 1362 ex

321 1398 422 1463 edicti
434 1400 566 1464 licentia
580 1411 637 1464 tua
650 1400 771 1464 auferat
786 1400 836 1463 vel
850 1400 961 1479 invito,
972 1411 1005 1463 et
1018 1397 1059 1462 de
1072 1400 1276 1465 irreverentia

322 1509 355 1563 et
380 1509 568 1583 contemptu
592 1502 716 1582 cogaris
738 1501 773 1563 in
796 1502 941 1563 centuria
962 1511 1019 1565 aut
1041 1500 1107 1563 foro
1129 1500 1276 1584 praesidis

324 1601 375 1664 vel
389 1601 603 1684 proconsulis,
618 1608 674 1665 sut
693 1600 824 1663 fortasse
839 1601 872 1661 in
889 1600 1041 1677 concilio,
1053 1602 1141 1663 laesae
1159 1600 1276 1683 majes-

323 1702 400 1765 tatis
415 1700 547 1765 reddere
562 1702 731 1765 rationem.
774 1700 980 1763 Protenditur
993 1699 1111 1763 etenim
1125 1701 1276 1784 patrimo·

324 1802 413 1865 nium
429 1801 510 1880 fisci,
525 1801 602 1866 dum
617 1801 658 1865 de
673 1803 780 1867 alieno
802 1822 996 1885 quacunque
1018 1800 1140 1865 ratione
1154 1801 1277 1865 familia

324 1912 485 1986 sumptum
498 1902 583 1966 facit.
606 1904 726 1967 Verum
737 1924 779 1965 ne
790 1902 967 1965 venaticam
977 1913 1010 1965 et
1018 1902 1097 1965 alias
1108 1903 1275 1967 curialium

324 2026 435 2087 nugas,
456 2025 522 2068 non
547 2013 614 2068 tam
633 2002 761 2089 judicio
787 2024 885 2089 quam
908 2003 983 2067 odio
1007 2004 1100 2068 stilus
1122 2005 1275 2089 persequi

323 2106 476 2183 rideatur,
491 2128 561 2171 eam
584 2105 843 2171 indifferentibus
866 2106 1158 2171 connumerandam
1179 2106 1274 2171 facile

322 2207 489 2291 libensque
505 2207 682 2286 consentio,
697 2207 760 2271 nisi
776 2207 853 2291 quia
874 2206 1084 2271 immoderato
1099 2208 1275 2292 voluptatis

324 2308 463 2388 incursu,
485 2310 606 2375 virilem
629 2310 772 2373 animum
796 2309 954 2387 concutit,
977 2320 1010 2373 et
1033 2309 1275 2373 tundamentum

324 2412 477 2475 subvertit
499 2412 641 2477 rationis.
686 2412 763 2475 Non
788 2420 895 2475 tamen
920 2411 962 2473 ob
989 2412 1051 2474 boc
1076 2411 1137 2475 erit
1158 2432 1274 2495 usque

324 2533 450 2596 quaque
462 2512 645 2597 culpabilis,
653 2534 752 2597 quum
768 2513 929 2591 etvinum,
938 2513 1028 2595 quod
1042 2513 1189 2591 inebriat,
1198 2514 1274 2575 sub·

323 2614 477 2679 versionis
500 2618 629 2699 culpam
651 2624 833 2699 retorqueat
855 2616 889 2678 in
911 2615 1090 2687 bibentem,
1117 2626 1150 2678 et
1175 2636 1274 2678 senex

322 2735 407 2799 stepo
429 2736 495 2778 uon
517 2726 582 2779 tam
605 2714 721 2789 aetatis,
743 2734 840 2795 quam
864 2734 923 2775 suo
937 2714 1026 2790 vitio,
1048 2734 1179 2776 sensum
1200 2734 1274 2797 pro·
1326 2796 1329 2800 1

321 2812 401 2875 ferat
421 2814 586 2895 puerilem.
630 2813 743 2875 Potest
765 2812 862 2893 igitur
876 2811 1024 2873 venatica
1044 2832 1115 2875 esse
1137 2812 1223 2875 utilis
1242 2823 1275 2875 et

322 2912 477 2989 bonesta3
508 2912 565 2977 sed
592 2935 633 2977 ex
657 2914 741 2992 loco,
767 2924 922 2997 tempore,
944 2911 1053 2991 modo,
1074 2934 1221 2997 persona,
1243 2925 1275 2977 et

322 3034 429 3079 causa.
475 3016 618 3079 Persona
638 3036 777 3101 namque
793 3024 939 3079 venustat
954 3014 1107 3091 studium,
1123 3014 1200 3079 dum
1215 3038 1274 3080 suo

322 3116 441 3181 insistit
452 3117 558 3180 officio
574 3128 607 3181 et
621 3138 685 3180 non
702 3116 844 3201 praeripit
855 3116 1006 3180 alienum.
1036 3118 1107 3181 Nec
1123 3118 1275 3203 estquod

322 3239 513 3303 quemquam
536 3219 637 3301 magis
659 3218 784 3293 deceat,
807 3240 904 3304 quam
926 3218 1015 3302 quod
1034 3219 1143 3283 officio
1165 3219 1271 3303 cujus-

322 3342 382 3405 que
397 3320 499 3403 magis
515 3318 759 3385 accommodum
781 3331 838 3381 est.
883 3320 1040 3382 Praeclare
1055 3319 1214 3401 siquidem
1229 3322 1275 3383 ait

321 3418 466 3499 Ethicus,
488 3422 686 3503 singularum
708 3438 915 3503 personarum
938 3418 1056 3481 decora
1077 3418 1275 3498 describens,

322 3520 362 3585 Id
385 3542 643 3607 unumquemque
665 3520 760 3585 decet
776 3520 929 3595 maxime,
945 3518 1033 3603 quod
1051 3530 1100 3583 est
1119 3520 1274 3605 cujusque

322 3624 471 3689 maxime.
526 3622 613 3695 Quid
642 3644 718 3706 ergo
748 3622 828 3687 mihi
856 3634 890 3685 et
924 3622 984 3686 tibi
1013 3643 1088 3685 cum
1117 3607 1274 3689 venatoris

321 3722 539 3809 professione?
577 3724 643 3789 Sua
657 3746 796 3808 namque
816 3724 963 3806 neglecta
979 3724 1200 3807 turpissimum
1214 3735 1274 3804 est,

321 3848 481 3913 quemque
495 3826 669 3891 studiosius
690 3826 724 3889 in
746 3826 852 3891 aliena
866 3824 993 3889 versari.
1038 3825 1125 3898 Quid
1147 3826 1178 3889 ei
1200 3848 1274 3892 cum

322 3930 443 4015 privato
473 3940 507 3995 et
534 3931 694 3995 rusticano
731 3930 865 3995 fortasse
902 3926 1019 4007 studio,
1049 3928 1105 4015 qui
1133 3929 1274 4013 publica

323 4032 520 4097 auctoritatis
541 4032 722 4115 insignibus
743 4028 866 4113 fulget?
896 4030 1023 4093 Ducem
1046 4039 1197 4115 sequatur
1216 4052 1275 4117 po·

323 4134 429 4217 pulus,
454 4134 566 4199 doctor
592 4134 728 4201 seminet
756 4129 972 4217 disciplinam,
996 4129 1102 4216 judex
1130 4142 1277 4197 coerceat

322 4232 560 4319 delinquentes,
575 4236 735 4301 studiosos
755 4242 935 4299 remuneret
955 4230 1154 4315 indulgentia
1168 4240 1273 4317 potes-
