3425 5367
290 750 362 797 css.
377 730 474 812 xum]
650 748 904 795 nonrcnsrrcus.
1170 732 1236 791 839

288 905 354 967 Res
367 904 474 987 itaque
493 923 559 965 non
577 911 652 965 sunt
671 902 705 965 in
727 904 813 978 vitio,
828 901 885 966 sed
906 922 991 965 usus.
1036 901 1082 963 Et
1101 908 1150 963 est
1163 898 1236 983 phi·

288 1000 488 1087 losophantis
510 1001 609 1065 animi
629 1002 751 1065 fructus
771 1002 898 1079 nobilis,
921 1020 1074 1082 generosa
1096 1000 1237 1084 aequani-

288 1105 383 1169 mitas
404 1103 527 1167 mentis.
572 1103 657 1166 Nam
684 1102 711 1165 si
736 1124 779 1166 ex
802 1114 931 1186 stupore
954 1110 1013 1177 est,
1036 1108 1072 1165 ut
1094 1100 1237 1185 aequani·

290 1206 383 1269 miter
410 1205 520 1269 omnia
553 1211 670 1287 portet,
697 1224 789 1267 mens
819 1224 903 1286 aegra
936 1204 977 1268 ab
1010 1202 1239 1267 incolumitatis

291 1305 404 1369 virtute
429 1304 613 1385 degenerat.
665 1304 772 1375 Quum
797 1324 871 1367 vero
897 1303 1147 1388 philosophandi
1176 1302 1240 1365 sint

290 1407 400 1469 multae
414 1405 546 1481 semitm,
559 1405 616 1468 illa
635 1424 702 1489 pra
722 1404 837 1469 ceteris
855 1405 936 1468 mihi
951 1404 1158 1469 videturesse
1177 1424 1238 1466 no-

290 1506 397 1584 bilior,
411 1512 445 1568 et
458 1504 661 1583 laudabilior,

395 1621 467 1683 Quae
477 1621 516 1673 sic
525 1620 636 1692 prandet
646 1619 704 1673 olus
713 1622 851 1692 patienter,
863 1622 941 1675 rebus
952 1627 982 1675 ut
993 1623 1032 1675 uti

396 1704 519 1771 Noverit,
529 1710 557 1757 et
568 1723 654 1759 rerum
665 1723 723 1775 qua
734 1708 771 1759 sic
783 1712 900 1761 versatur
911 1709 939 1759 in
950 1724 1007 1773 usu,

292 1826 327 1877 ut
341 1814 422 1891 olus,
434 1823 466 1876 et
481 1812 634 1896 qualibet
651 1824 803 1877 extremar
818 1814 1013 1896 paupertatis
1027 1814 1135 1892 xenia,
1148 1813 1242 1878 docta

291 1916 411 1978 sitnon
426 1914 580 1977 fastidire.
619 1914 755 2005 Fructus
771 1916 929 2000 siquidem
950 1916 1165 2001 Philosophia
1183 1938 1240 1979 ex·

290 2015 385 2079 imiua
400 2029 460 2093 est,
473 2026 509 2079 ut
522 2016 646 2078 noverit
660 2016 732 2099 quis
747 2016 921 2095 abundare,
933 2029 965 2080 et
980 2018 1145 2101 penuriam
1161 2017 1241 2100 pati,

291 2131 327 2182 ut
341 2120 416 2181 lato
431 2118 539 2180 animo
554 2118 774 2201 aequanimiter
795 2119 903 2181 omnia
918 2130 1033 2203 portet,
1054 2132 1089 2183 ut
1110 2120 1240 2205 objecto

293 2220 405 2283 solidae
421 2219 544 2282 virtutis
555 2219 660 2297 obice,
672 2240 799 2283 omnem
812 2220 968 2285 fortunam
982 2232 1133 2286 exarmet.
1163 2222 1242 2284 Pro·

291 2321 379 2383 fecto
394 2320 539 2404 quisquis
553 2320 623 2383 haec
638 2331 829 2404 assequutus
844 2332 903 2399 est,
916 2344 980 2385 non
996 2334 1102 2405 sperat
1116 2334 1172 2387 aut
1186 2344 1242 2387 ex·

292 2421 439 2495 timescit,
454 2432 486 2482 et
504 2420 539 2481 in
559 2441 632 2509 epm
656 2440 782 2502 semper
804 2421 930 2485 fortuna
954 2422 1106 2505 quaelibet
1128 2444 1243 2487 manca

292 2522 364 2585 ruit.
408 2520 507 2599 Quid,
517 2520 621 2604 inquit
635 2522 778 2585 curiosus
793 2522 1004 2606 philosophiae
1019 2536 1242 2607 perscrutator,

292 2623 352 2685 tibi
374 2621 580 2705 philosophia
607 2621 763 2685 contulit?
805 2622 850 2685 Et
873 2622 1065 2707 Aristippus,
1094 2624 1138 2687 Ut
1167 2644 1243 2687 cum

293 2723 454 2800 omnibus,
468 2722 523 2798 ait,
535 2722 720 2785 homiuibus
734 2721 893 2806 intrepide
909 2722 1074 2787 fabularer.
1120 2724 1242 2808 Utique

293 2826 320 2890 si
340 2824 472 2889 honoris
490 2834 586 2902 esset,
600 2833 656 2887 aut
669 2825 829 2907 pecuniae,
842 2824 928 2889 reive
952 2825 1079 2889 alterius
1094 2825 1243 2909 cupidus,

291 2929 355 2991 hoc
369 2926 503 2991 minime
515 2937 624 3009 posset
638 2926 788 2990 veraciter
801 2926 1004 3009 respondere.
1042 2927 1093 2991 Ad
1108 2928 1242 2991 salutem

292 3042 400 3093 tamen
410 3028 462 3091 ria
470 3027 632 3091 tutissima
642 3038 703 3102 cst,
716 3025 834 3093 divitiis
845 3036 879 3091 et
888 3030 983 3093 rebus
995 3028 1066 3092 aliis
1077 3029 1240 3113 expedito.

292 3128 527 3193 Difficillimum
547 3128 634 3191 enim
655 3139 713 3205 est,
728 3137 764 3191 ut
778 3150 999 3214 possessorum
1023 3130 1072 3193 sui
1095 3150 1159 3193 nou
1183 3131 1241 3195 inr-

291 3231 426 3315 pediant
441 3250 579 3293 cursum·
623 3230 705 3302 Quis
718 3232 822 3294 nescit
842 3231 1097 3315 Hippodamiam
1122 3254 1244 3317 praevo-

290 3334 374 3397 lasse
390 3330 430 3395 ad
446 3332 596 3414 palmam,
612 3330 688 3395 dum
704 3334 956 3397 concertantium
976 3354 1146 3416 procorum
1171 3356 1242 3399 cur·

291 3454 373 3508 sum,
388 3432 533 3517 projecto
556 3452 633 3495 auro
656 3432 761 3514 potuit
782 3430 964 3497 retardare?
989 3433 1111 3499 Mansit
1134 3434 1242 3519 itaque

290 3536 380 3615 virgo
393 3534 526 3607 invicta,
542 3532 647 3597 donec
664 3544 793 3597 ventum
807 3534 913 3598 estad
929 3536 1077 3618 pecuniae
1101 3544 1242 3601 contem·

290 3646 404 3709 torem,
420 3635 524 3719 quiin
546 3643 713 3699 contemtu
733 3637 801 3699 auri
824 3636 977 3718 virginem
1002 3638 1171 3721 superavit,
1187 3659 1242 3702 au·

292 3757 363 3799 rum
377 3735 528 3809 obtinuit,
543 3746 576 3798 et
593 3756 637 3799 ex
651 3758 692 3799 eo
713 3735 769 3813 (ut
791 3736 938 3819 fingitur)
956 3739 1131 3803 certatricis
1150 3742 1241 3823 puel·

290 3838 331 3901 la
355 3856 464 3899 cereos
488 3856 567 3899 axes
591 3836 679 3913 fecit,
702 3836 779 3900 dum
802 3838 1052 3919 incorruptionis
1077 3860 1166 3901 amor
1189 3861 1242 3921 pe·

290 3938 393 4001 cunia)
413 3956 553 4001 aurorem
576 3936 751 3999 absorbuit.
796 3937 915 3999 Nonne
939 3937 1001 4001 hoc
1024 3938 1132 4021 ipsum
1157 3959 1246 4003 com·

290 4038 420 4103 meudat
428 4036 592 4123 judicium
609 4038 683 4116 Dei,
698 4048 731 4101 et
741 4058 796 4103 eas
811 4038 1048 4103 contemtibiles
1059 4039 1145 4117 facit,
1157 4041 1245 4123 quod
1354 4100 1367 4127 ,
1407 4054 1413 4081 ⁵

289 4143 322 4205 in
333 4150 472 4221 egestate
483 4142 652 4218 bonorum,
666 4139 748 4223 ipsis
759 4137 861 4223 iniqui
878 4139 1034 4205 affluunt?
1071 4142 1123 4205 Fit
1133 4154 1239 4207 tamen

289 4241 448 4305 interdurn
473 4243 583 4305 nescio
598 4263 664 4325 quo
679 4256 787 4325 pacto,
803 4253 839 4303 ut
853 4240 896 4305 ad
921 4242 1157 4309 subversionem
1175 4240 1244 4328 jus·

292 4354 406 4421 torum,
416 4364 451 4406 se
466 4342 513 4405 cis
527 4342 686 4423 ingerant,
698 4353 730 4404 et
745 4362 808 4424 quo
824 4339 1010 4445 diligentius
1021 4344 1248 4411 excluduntur,
