3425 5367
305 751 376 795 cae.
392 736 452 815 1v.]
649 748 902 795 conveniemus.
1198 736 1262 794 δὶ69

307 924 376 967 aum
404 902 504 976 dedit,
529 902 645 988 etqui
670 902 807 965 animam
833 898 1036 984 glorificabit,
1062 912 1094 963 et
1120 922 1258 977 carnem,

307 1007 474 1091 utriusque
499 1002 625 1068 fidelem
654 1003 777 1089 expetit
804 1000 1004 1067 famulatum.
1065 1004 1105 1065 Se
1129 1024 1259 1087 quoque

307 1104 408 1171 voluit
423 1104 517 1169 etiam
534 1104 738 1191 corporaliter
753 1102 911 1179 honorari,
925 1116 962 1166 ut
977 1102 1146 1188 quantavis
1161 1102 1259 1167 terdi-

307 1220 356 1271 taa
378 1206 587 1283 infidelitatis,
611 1218 668 1273 aut
695 1204 910 1290 negligentiae,
935 1204 1168 1270 excusationem
1195 1226 1258 1269 non

306 1308 434 1375 lrabeat.

306 1669 387 1755 Cap.
404 1677 435 1733 4.
457 1670 508 1733 Dc
523 1668 701 1731 reverentia
711 1659 940 1749 personarum,
955 1672 986 1731 et
1007 1683 1127 1745 reram,
1142 1674 1173 1731 ct
1186 1676 1261 1749 qaot

526 1766 628 1828 modia
638 1784 778 1847 peraona
793 1765 835 1826 eit
848 1762 1046 1827 venerabilis.

353 1919 576 1983 Rementem
589 1940 666 2003 ergo
680 1940 755 2003 quae
768 1914 974 2003 corporaliter
989 1915 1195 2004 impenditur,
1204 1928 1261 1983 aut

308 2020 340 2084 in
355 2022 498 2105 personia
511 2018 665 2097 consistit,
680 2032 738 2084 aut
758 2018 791 2082 in
806 2019 914 2085 rebus.
959 2022 1170 2085 Personarum
1187 2041 1262 2085 vero

308 2122 391 2187 ratio
410 2121 547 2186 habetur
560 2133 617 2185 aut
633 2144 652 2185 e
666 2134 793 2201 natura,
807 2133 864 2186 aut
878 2122 921 2187 ab
934 2120 1047 2200 officio,
1063 2134 1120 2187 aut
1135 2144 1155 2185 a
1168 2122 1264 2187 mori-

308 2224 381 2301 bus,
396 2236 453 2289 aut
467 2245 487 2286 a
501 2222 691 2304 conditione,
705 2234 760 2289 ant
775 2245 795 2286 a
808 2222 947 2290 fortuna.
979 2228 1102 2289 Natura
1116 2235 1264 2309 parentes

309 2347 497 2390 veneramur
518 2336 551 2389 et
573 2324 699 2405 liberos,
719 2336 752 2389 et
774 2346 856 2409 quoa
878 2325 969 2389 nobis
989 2347 1064 2391 caro
1083 2326 1263 2411 conjunxit,

310 2440 430 2513 utputa
454 2446 596 2501 uxorem,
618 2436 781 2510 cognatos,
802 2436 834 2488 et
857 2423 975 2488 affines.
1020 2424 1117 2489 Unde
1138 2438 1171 2489 et
1188 2448 1266 2509 gen-

310 2528 392 2593 tium
411 2530 486 2613 jure
507 2537 671 2612 receptum
693 2538 754 2605 est,
774 2547 813 2589 eo
835 2525 923 2610 quod
946 2548 1096 2612 peraeque
1116 2526 1154 2591 fit
1176 2526 1264 2613 apud

310 2650 422 2693 omnea
434 2639 556 2713 gentes.
601 2626 658 2691 Ad
680 2626 741 2690 hoc
758 2626 855 2691 ctiam
877 2625 987 2691 divino
1003 2627 1079 2713 jure
1101 2648 1264 2709 urgemur,

310 2732 368 2814 qui
397 2728 552 2813 scriptum
585 2727 751 2791 novimus:
790 2726 923 2790 Honora
956 2739 1078 2812 patrem
1109 2738 1203 2791 tuum
1232 2740 1264 2793 et

311 2842 456 2905 matrem,
472 2842 508 2895 ut
528 2829 572 2893 aie
586 2828 751 2915 longaevus
771 2849 868 2913 super
886 2840 1020 2891 terrem:
1051 2841 1083 2893 et
1107 2828 1164 2915 qui
1179 2828 1264 2915 patri

311 2931 362 2999 vel
377 2929 472 2997 metri
491 2929 701 3010 maledixerit,
716 2941 817 2993 morte
838 2930 1003 2995 morietur.
1047 2928 1183 2995 Liberos
1201 2952 1263 2994 non

312 3032 450 3097 multum
463 3033 607 3117 oportuit
626 3028 851 3105 commendari,
866 3052 903 3093 eo
918 3027 1005 3115 quod
1025 3052 1120 3095 nemo
1139 3052 1266 3097 carnem

312 3156 401 3199 auam
423 3132 498 3197 odio
517 3131 642 3197 habuit.
687 3131 750 3196 Sed
771 3153 829 3195 nec
851 3151 992 3207 uxorem,
1015 3144 1266 3219 propterquam

311 3236 408 3300 homo
428 3245 553 3320 petrem
579 3231 731 3317 relinquit
756 3245 788 3297 et
812 3245 957 3313 matrem,
979 3233 1145 3299 adhaercna
1173 3234 1265 3299 uxori

312 3360 391 3416 suae,
406 3351 443 3402 ut
462 3335 526 3401 sint
545 3334 612 3399 duo
633 3336 665 3398 in
688 3355 783 3399 carne
809 3355 882 3399 una.
928 3337 1002 3401 Non
1025 3346 1129 3399 tamen
1153 3326 1185 3398 iir
1207 3335 1266 3399 hac

311 3450 404 3525 parte
412 3437 530 3501 divine
542 3434 622 3520 legis
638 3432 787 3498 mandata
795 3433 922 3513 desunt,
932 3435 990 3499 etsi
1002 3448 1132 3521 propter
1143 3446 1267 3501 naturae

313 3538 491 3619 stimulum,
504 3535 562 3623 qui
584 3537 661 3601 satis
683 3546 789 3621 urget,
806 3534 909 3599 rarius
931 3539 1124 3615 inserantur,
1140 3549 1268 3622 proten-

312 3639 436 3704 duntur
464 3651 568 3702 tamen
595 3636 637 3703 ad
662 3650 814 3721 cognatos
840 3650 872 3702 et
898 3641 1019 3716 affines,
1045 3660 1126 3724 quoa
1151 3659 1209 3725 per
1234 3661 1268 3703 se

312 3738 650 3807 naturaoommendat.
696 3738 843 3803 Officium
864 3760 939 3803 vero
960 3752 1008 3805 est
1030 3738 1174 3807 debitum
1195 3763 1268 3805 exe·

313 3840 434 3927 quendi
463 3862 539 3925 quie
568 3839 739 3925 unicuique
768 3862 807 3903 ex
840 3839 1007 3920 institutio,
1035 3852 1091 3903 aut
1126 3840 1269 3905 moribus

312 3943 436 4029 agenda
450 3957 536 4010 aunt.
569 3946 621 4009 Ex
637 3966 675 4007 eo
689 3964 828 4027 namque
842 3943 985 4027 personis
1000 3940 1134 4027 singulis
1147 3942 1268 4028 proprii

313 4059 496 4131 congruunt
510 4059 611 4111 actua.
655 4045 695 4109 ln
709 4043 760 4107 hie
774 4056 879 4107 autem
896 4064 970 4129 quta
985 4042 1029 4107 sic
1044 4042 1168 4129 agenda
1182 4055 1269 4118 aunt,

313 4146 378 4212 alia
399 4146 441 4211 ed
463 4146 646 4233 publicum,
670 4145 734 4211 alin
755 4144 796 4209 ad
819 4166 910 4211 suum
933 4146 1089 4232 cujusque
1111 4144 1269 4233 pertinent

317 4260 448 4315 statum.
493 4252 546 4314 Ex
562 4274 626 4335 quo
648 4248 750 4335 liquet
764 4246 936 4313 officiorum
959 4248 1106 4335 quaedam
1130 4246 1269 4333 publica,

315 4350 461 4437 quedam
477 4350 603 4437 privata
620 4350 843 4416 convenienter
863 4346 934 4413 dici.
983 4348 1180 4415 Privatorum
1196 4368 1271 4413 vero
