3425 5367
446 772 509 831 230
706 783 841 828 rolucus
857 781 1135 827 snussasrunusm
1252 767 1334 842 [nus.
1353 783 1397 828 1v.

443 935 609 1022 populum.
656 935 820 1020 Frequens
834 933 916 997 enim
932 945 992 1008 est,
1004 945 1040 997 ut
1057 931 1178 996 subditi
1195 933 1396 1018 superiorum

446 1038 523 1102 vitia
537 1038 713 1115 imitentur,
728 1036 807 1123 quia
826 1034 1028 1120 magistratui
1052 1033 1191 1120 populus
1206 1035 1316 1099 studet
1332 1056 1398 1098 esse

448 1137 627 1213 conformis,
652 1150 685 1202 et
711 1136 932 1221 unusquisque
958 1135 1094 1200 libenter
1119 1134 1253 1220 appetit,
1275 1134 1306 1196 in
1334 1156 1402 1218 quo

447 1235 542 1300 ulium
558 1237 658 1300 cernit
672 1237 837 1300 illustrem.
877 1235 1009 1299 Celebre
1024 1248 1071 1299 est
1086 1235 1168 1298 illud
1181 1233 1403 1298 versificatoris

448 1337 579 1421 egregii,
589 1359 714 1401 sensum
730 1347 762 1400 et
774 1335 871 1398 verba
886 1335 993 1419 magni
1008 1335 1168 1399 Theodosi
1184 1334 1401 1420 exprimentis,

555 1453 588 1503 In
599 1469 734 1504 commune
741 1451 819 1523 jubes
831 1451 854 1503 si
867 1450 938 1519 quid,
950 1467 1072 1503 censesve
1084 1451 1235 1517 tenendum,

555 1537 659 1590 Primus
666 1539 742 1609 jussa
753 1537 827 1588 subi:
846 1542 908 1588 tunc
919 1537 1094 1588 observantior
1107 1539 1175 1606 aequi

552 1625 598 1676 Fit
609 1623 727 1694 populus,
739 1641 789 1675 uec
799 1621 866 1674 ferre
876 1627 967 1690 negat,
979 1641 1059 1692 quum
1071 1624 1165 1676 viderit
1176 1625 1261 1694 ipsum

556 1710 696 1762 Auctorem
706 1725 798 1780 parere
810 1708 869 1760 sibi.
906 1709 1074 1779 Componitur
1088 1709 1158 1762 orbis

555 1796 638 1864 Regis
650 1796 684 1847 ad
697 1794 852 1866 exemplum,
864 1813 912 1847 nec
924 1795 960 1846 sic
971 1793 1104 1847 inflectere
1116 1811 1209 1848 sensus

558 1882 696 1934 Humanos
708 1881 795 1933 edicta
806 1879 902 1943 valent,
915 1898 992 1949 quam
1004 1881 1058 1932 vita
1069 1882 1193 1948 regentis.

557 1967 659 2020 Mobile
670 1971 785 2018 mutatur
796 1983 898 2034 semper
908 1983 966 2018 curn
976 1967 1091 2036 principe
1102 1966 1202 2034 vulgus.

453 2073 570 2134 Verum
601 2069 798 2152 singulorum
829 2068 997 2132 facultates
1026 2092 1229 2156 nequaquam
1258 2072 1400 2134 omnium

451 2171 551 2255 copiis
565 2169 786 2254 adaequantur.
812 2172 862 2234 De
874 2168 987 2233 loculis
998 2171 1135 2255 propriis
1147 2171 1283 2256 quilibet
1296 2172 1403 2253 sumit,

452 2283 485 2336 at
496 2283 637 2356 potestas
645 2271 691 2334 'de
704 2293 777 2334 arca
790 2269 922 2356 publica
934 2269 984 2333 vel
997 2270 1123 2336 cimelio
1137 2271 1244 2336 haurit
1257 2298 1265 2336 :
1289 2295 1363 2358 quae
1378 2273 1404 2337 si

449 2374 530 2436 forte
553 2372 713 2450 defecerit,
735 2371 775 2436 ad
799 2371 997 2457 singulorum
1021 2373 1195 2439 recurritur
1223 2375 1402 2441 facultates.

450 2476 556 2562 Atqui
578 2478 738 2561 privatum
761 2496 923 2561 quemque
945 2475 1010 2540 suis
1032 2498 1156 2540 necesse
1179 2490 1226 2542 est
1249 2501 1314 2542 esse
1329 2501 1403 2542 con·

450 2589 585 2641 tentum.
629 2578 709 2654 Quae
724 2577 749 2640 si
764 2576 891 2641 fuerint'
899 2590 1082 2655 extenuata,
1098 2579 1156 2664 qui
1168 2602 1253 2644 nunc
1262 2579 1403 2665 potentis

452 2679 622 2765 appetebat
644 2678 813 2765 fulgorem,
836 2692 1025 2765 paupertate
1048 2680 1196 2746 sordidus
1214 2681 1404 2746 confusionis

453 2804 519 2845 suae
531 2783 676 2847 tenebras
686 2782 853 2847 erubescit.
886 2781 968 2845 Inde
983 2782 1078 2845 etiam
1090 2783 1402 2848 Lacedaemoniorum

451 2882 590 2962 decreto,
619 2886 833 2970 potestatibus
862 2884 894 2946 in
925 2907 984 2948 usu
1015 2885 1215 2971 publicorum
1246 2887 1403 2950 bonorum

450 2987 587 3070 parcitas
608 2987 729 3050 indicta
750 2999 809 3064 est,
832 2988 910 3050 dum
932 2999 1036 3051 tamen
1059 2987 1268 3054 haereditariis
1292 2989 1350 3067 uti,
1373 3001 1405 3054 et

453 3085 505 3147 his
526 3109 601 3170 quae
623 3087 785 3172 pinguiori
807 3087 939 3151 fortuna
960 3089 1127 3170 accedunt,
1148 3091 1308 3155 communi
1332 3091 1406 3176 jure

455 3187 558 3251 liceat.

455 3473 535 3556 Cap.
552 3478 580 3536 5.
607 3473 701 3547 Quod
721 3473 907 3553 princepem
936 3482 1061 3536 costum
1089 3491 1157 3534 esse
1186 3480 1345 3554 oporteat,
1374 3480 1408 3534 et

748 3575 924 3636 auaritiam
940 3575 1112 3638 declinare.

461 3764 463 3768 ·
499 3742 649 3806 Amnum
669 3740 739 3804 lex:
765 3744 838 3805 Non
862 3743 991 3808 habebit
1015 3765 1130 3807 uxores
1152 3743 1318 3830 plurimas,
1331 3767 1406 3828 quae

454 3843 590 3908 afficiant
612 3843 748 3907 animam
771 3845 849 3930 ejus.
896 3845 1036 3910 Licitum
1061 3845 1192 3932 quidem
1221 3847 1285 3910 fuit
1308 3867 1409 3930 quan-

454 3945 560 4030 doque
574 3947 606 4010 in
630 3947 750 4030 populo
766 3945 840 4022 Dei,
865 3959 901 4011 ut
924 3945 1141 4032 propagandae
1165 3947 1281 4010 sobolis
1303 3946 1409 4031 gratia

454 4059 486 4109 et
502 4045 627 4108 fidelem
647 4045 803 4130 populum
826 4047 992 4124 dilatandi,
1016 4047 1123 4133 plures
1146 4047 1219 4135 quis
1242 4047 1410 4112 sortiretur

456 4169 581 4212 uxores.
648 4147 688 4209 In
717 4150 900 4234 exemplum
936 4151 1073 4215 licentiae
1106 4151 1205 4236 hujus
1238 4162 1410 4214 occurrunt

455 4249 658 4326 Patriarchae,
668 4272 769 4334 quum
784 4253 862 4317 Sara
871 4276 927 4317 usa
939 4253 980 4317 sit
986 4254 1062 4339 jure
1072 4275 1141 4330 suo,
1151 4275 1284 4339 corpore
1294 4252 1411 4318 scilicet

456 4349 603 4429 Abrabae,
623 4350 656 4414 in
679 4365 772 4418 utero
793 4353 907 4432 alieno,
929 4353 1051 4418 ancillae
1073 4353 1259 4431 ministerio,
1280 4353 1320 4418 de
1343 4353 1412 4417 viro
