<?xml version="1.0" encoding="UTF-8"?>
<!DOCTYPE html PUBLIC "-//W3C//DTD XHTML 1.0 Transitional//EN"
    "http://www.w3.org/TR/xhtml1/DTD/xhtml1-transitional.dtd">
<html xmlns="http://www.w3.org/1999/xhtml" xml:lang="en" lang="en">
 <head>
  <title>
</title>
<meta http-equiv="Content-Type" content="text/html;charset=utf-8" />
  <meta name='ocr-system' content='tesseract 3.04.00' />
  <meta name='ocr-capabilities' content='ocr_page ocr_carea ocr_par ocr_line ocrx_word'/>
</head>
<body>
  <div class='ocr_page' id='page_1' title='image "./operaomnianuncp04johngoog_0165.png"; bbox 0 0 3425 5367; ppageno 0'>
   <div class='ocr_carea' id='block_1_1' title="bbox 437 745 1398 823">
    <p class='ocr_par' dir='ltr' id='par_1_1' title="bbox 437 745 1398 823">
     <span class='ocr_line' id='line_1_1' title="bbox 437 745 1398 823; baseline 0.002 -15"><span class='ocrx_word' id='word_1_1' title='bbox 437 745 500 810; x_wconf 77' lang='lat'><strong>154</strong></span> <span class='ocrx_word' id='word_1_2' title='bbox 693 763 831 809; x_wconf 74' lang='lat' dir='ltr'><strong>nonnius</strong></span> <span class='ocrx_word' id='word_1_3' title='bbox 846 763 1127 809; x_wconf 80' lang='lat' dir='ltr'><strong>saansaaruausrs</strong></span> <span class='ocrx_word' id='word_1_4' title='bbox 1258 747 1342 823; x_wconf 83' lang='lat' dir='ltr'><strong>[mo.</strong></span> <span class='ocrx_word' id='word_1_5' title='bbox 1359 766 1398 810; x_wconf 89' lang='lat'><strong>11.</strong></span> 
     </span>
    </p>
   </div>
   <div class='ocr_carea' id='block_1_2' title="bbox 356 911 1400 4448">
    <p class='ocr_par' dir='ltr' id='par_1_2' title="bbox 356 911 1400 4448">
     <span class='ocr_line' id='line_1_2' title="bbox 441 911 1400 999; baseline 0.003 -22"><span class='ocrx_word' id='word_1_6' title='bbox 441 911 555 998; x_wconf 84' lang='lat' dir='ltr'>ingerit</span> <span class='ocrx_word' id='word_1_7' title='bbox 580 913 775 999; x_wconf 78' lang='lat' dir='ltr'><strong>quaestionis.</strong></span> <span class='ocrx_word' id='word_1_8' title='bbox 822 912 914 977; x_wconf 87' lang='lat' dir='ltr'>Licet</span> <span class='ocrx_word' id='word_1_9' title='bbox 936 912 1018 977; x_wconf 89' lang='lat' dir='ltr'><strong>enirn</strong></span> <span class='ocrx_word' id='word_1_10' title='bbox 1042 913 1227 979; x_wconf 81' lang='lat' dir='ltr'><strong>futurorum</strong></span> <span class='ocrx_word' id='word_1_11' title='bbox 1256 914 1298 980; x_wconf 87' lang='lat' dir='ltr'><strong>sit</strong></span> <span class='ocrx_word' id='word_1_12' title='bbox 1317 939 1400 982; x_wconf 89' lang='lat' dir='ltr'><strong>unus</strong></span> 
     </span>
     <span class='ocr_line' id='line_1_3' title="bbox 440 1014 1396 1099; baseline 0.002 -21"><span class='ocrx_word' id='word_1_13' title='bbox 440 1016 567 1093; x_wconf 84' lang='lat' dir='ltr'>arbiter,</span> <span class='ocrx_word' id='word_1_14' title='bbox 589 1014 693 1099; x_wconf 92' lang='lat' dir='ltr'><strong>quiet</strong></span> <span class='ocrx_word' id='word_1_15' title='bbox 719 1018 807 1078; x_wconf 91' lang='lat' dir='ltr'><strong>Deus</strong></span> <span class='ocrx_word' id='word_1_16' title='bbox 821 1027 853 1079; x_wconf 91' lang='lat' dir='ltr'><strong>et</strong></span> <span class='ocrx_word' id='word_1_17' title='bbox 871 1015 1031 1079; x_wconf 84' lang='lat' dir='ltr'><strong>Dominus</strong></span> <span class='ocrx_word' id='word_1_18' title='bbox 1047 1016 1190 1079; x_wconf 90' lang='lat' dir='ltr'><strong>omnium</strong></span> <span class='ocrx_word' id='word_1_19' title='bbox 1214 1028 1274 1092; x_wconf 86' lang='lat' dir='ltr'><strong>est,</strong></span> <span class='ocrx_word' id='word_1_20' title='bbox 1291 1028 1396 1080; x_wconf 87' lang='lat' dir='ltr'><strong>tamen</strong></span> 
     </span>
     <span class='ocr_line' id='line_1_4' title="bbox 439 1115 1398 1200; baseline 0 -20"><span class='ocrx_word' id='word_1_21' title='bbox 439 1141 480 1182; x_wconf 91' lang='lat' dir='ltr'><strong>ex</strong></span> <span class='ocrx_word' id='word_1_22' title='bbox 492 1115 590 1200; x_wconf 83' lang='lat' dir='ltr'><strong>signis</strong></span> <span class='ocrx_word' id='word_1_23' title='bbox 599 1115 760 1180; x_wconf 90' lang='lat' dir='ltr'><strong>interdum</strong></span> <span class='ocrx_word' id='word_1_24' title='bbox 773 1115 955 1181; x_wconf 89' lang='lat' dir='ltr'><strong>hominibus</strong></span> <span class='ocrx_word' id='word_1_25' title='bbox 965 1116 1178 1181; x_wconf 86' lang='lat' dir='ltr'><strong>innotescunt.</strong></span> <span class='ocrx_word' id='word_1_26' title='bbox 1224 1117 1310 1194; x_wconf 84' lang='lat' dir='ltr'>Quid</span> <span class='ocrx_word' id='word_1_27' title='bbox 1321 1141 1398 1200; x_wconf 84' lang='lat' dir='ltr'><strong>ergo</strong></span> 
     </span>
     <span class='ocr_line' id='line_1_5' title="bbox 441 1218 1397 1304; baseline -0.002 -21"><span class='ocrx_word' id='word_1_28' title='bbox 441 1219 569 1295; x_wconf 89' lang='lat' dir='ltr'><strong>mirum,</strong></span> <span class='ocrx_word' id='word_1_29' title='bbox 586 1219 611 1282; x_wconf 90' lang='lat' dir='ltr'><strong>si</strong></span> <span class='ocrx_word' id='word_1_30' title='bbox 628 1241 665 1282; x_wconf 88' lang='lat' dir='ltr'><strong>ea</strong></span> <span class='ocrx_word' id='word_1_31' title='bbox 680 1218 877 1304; x_wconf 84' lang='lat' dir='ltr'>quandoque</span> <span class='ocrx_word' id='word_1_32' title='bbox 897 1231 1110 1303; x_wconf 86' lang='lat' dir='ltr'><strong>praeuoscaut,</strong></span> <span class='ocrx_word' id='word_1_33' title='bbox 1131 1241 1205 1302; x_wconf 86' lang='lat' dir='ltr'><strong>quae</strong></span> <span class='ocrx_word' id='word_1_34' title='bbox 1220 1230 1253 1283; x_wconf 89' lang='lat' dir='ltr'><strong>et</strong></span> <span class='ocrx_word' id='word_1_35' title='bbox 1271 1219 1397 1283; x_wconf 89' lang='lat' dir='ltr'><strong>subtili·</strong></span> 
     </span>
     <span class='ocr_line' id='line_1_6' title="bbox 441 1315 1395 1406; baseline -0.002 -22"><span class='ocrx_word' id='word_1_36' title='bbox 441 1331 507 1384; x_wconf 87' lang='lat' dir='ltr'><strong>tate</strong></span> <span class='ocrx_word' id='word_1_37' title='bbox 522 1331 650 1406; x_wconf 74' lang='lat' dir='ltr'><strong>naturae</strong></span> <span class='ocrx_word' id='word_1_38' title='bbox 671 1317 790 1401; x_wconf 86' lang='lat' dir='ltr'><strong>vigent,</strong></span> <span class='ocrx_word' id='word_1_39' title='bbox 804 1333 835 1381; x_wconf 92' lang='lat' dir='ltr'><strong>et</strong></span> <span class='ocrx_word' id='word_1_40' title='bbox 855 1317 1051 1402; x_wconf 80' lang='lat' dir='ltr'><strong>experientia</strong></span> <span class='ocrx_word' id='word_1_41' title='bbox 1069 1315 1221 1402; x_wconf 88' lang='lat' dir='ltr'><strong>temporis</strong></span> <span class='ocrx_word' id='word_1_42' title='bbox 1243 1317 1395 1402; x_wconf 86' lang='lat' dir='ltr'><strong>longiore,</strong></span> 
     </span>
     <span class='ocr_line' id='line_1_7' title="bbox 439 1418 1397 1504; baseline 0.001 -21"><span class='ocrx_word' id='word_1_43' title='bbox 439 1432 471 1484; x_wconf 88' lang='lat' dir='ltr'><strong>et</strong></span> <span class='ocrx_word' id='word_1_44' title='bbox 502 1418 690 1484; x_wconf 79' lang='lat' dir='ltr'><strong>revelatione</strong></span> <span class='ocrx_word' id='word_1_45' title='bbox 721 1419 920 1502; x_wconf 87' lang='lat' dir='ltr'><strong>superiorum</strong></span> <span class='ocrx_word' id='word_1_46' title='bbox 950 1430 1145 1504; x_wconf 84' lang='lat' dir='ltr'><strong>potestatum</strong></span> <span class='ocrx_word' id='word_1_47' title='bbox 1175 1418 1216 1482; x_wconf 92' lang='lat' dir='ltr'><strong>de</strong></span> <span class='ocrx_word' id='word_1_48' title='bbox 1250 1419 1397 1504; x_wconf 87' lang='lat' dir='ltr'><strong>plurimis</strong></span> 
     </span>
     <span class='ocr_line' id='line_1_8' title="bbox 443 1520 1397 1606; baseline -0.001 -19"><span class='ocrx_word' id='word_1_49' title='bbox 443 1521 673 1588; x_wconf 82' lang='lat' dir='ltr'><strong>admonentur?</strong></span> <span class='ocrx_word' id='word_1_50' title='bbox 706 1521 740 1586; x_wconf 87' lang='lat' dir='ltr'><strong>Si</strong></span> <span class='ocrx_word' id='word_1_51' title='bbox 757 1542 833 1605; x_wconf 88' lang='lat' dir='ltr'><strong>ergo</strong></span> <span class='ocrx_word' id='word_1_52' title='bbox 856 1520 990 1605; x_wconf 87' lang='lat' dir='ltr'><strong>spiritus</strong></span> <span class='ocrx_word' id='word_1_53' title='bbox 1004 1520 1145 1606; x_wconf 91' lang='lat' dir='ltr'><strong>corporis</strong></span> <span class='ocrx_word' id='word_1_54' title='bbox 1164 1521 1247 1584; x_wconf 89' lang='lat' dir='ltr'><strong>mole</strong></span> <span class='ocrx_word' id='word_1_55' title='bbox 1261 1521 1397 1605; x_wconf 83' lang='lat' dir='ltr'><strong>gravati,</strong></span> 
     </span>
     <span class='ocr_line' id='line_1_9' title="bbox 443 1621 1397 1710; baseline -0.001 -23"><span class='ocrx_word' id='word_1_56' title='bbox 443 1647 524 1710; x_wconf 85' lang='lat' dir='ltr'><strong>quos</strong></span> <span class='ocrx_word' id='word_1_57' title='bbox 553 1623 678 1688; x_wconf 90' lang='lat' dir='ltr'><strong>luteum</strong></span> <span class='ocrx_word' id='word_1_58' title='bbox 699 1621 804 1686; x_wconf 88' lang='lat' dir='ltr'><strong>carnis</strong></span> <span class='ocrx_word' id='word_1_59' title='bbox 829 1621 971 1686; x_wconf 85' lang='lat' dir='ltr'><strong>retardat</strong></span> <span class='ocrx_word' id='word_1_60' title='bbox 993 1621 1229 1702; x_wconf 91' lang='lat' dir='ltr'><strong>indumentum,</strong></span> <span class='ocrx_word' id='word_1_61' title='bbox 1259 1646 1397 1708; x_wconf 87' lang='lat' dir='ltr'><strong>quorum</strong></span> 
     </span>
     <span class='ocr_line' id='line_1_10' title="bbox 443 1723 1395 1811; baseline -0.001 -22"><span class='ocrx_word' id='word_1_62' title='bbox 443 1747 575 1790; x_wconf 77' lang='lat' dir='ltr'><strong>acumen</strong></span> <span class='ocrx_word' id='word_1_63' title='bbox 599 1723 718 1789; x_wconf 90' lang='lat' dir='ltr'><strong>turbati</strong></span> <span class='ocrx_word' id='word_1_64' title='bbox 741 1745 852 1787; x_wconf 89' lang='lat' dir='ltr'><strong>sensus</strong></span> <span class='ocrx_word' id='word_1_65' title='bbox 873 1723 1036 1809; x_wconf 87' lang='lat' dir='ltr'><strong>corruptio</strong></span> <span class='ocrx_word' id='word_1_66' title='bbox 1057 1723 1198 1803; x_wconf 85' lang='lat' dir='ltr'><strong>hebetat,</strong></span> <span class='ocrx_word' id='word_1_67' title='bbox 1217 1746 1258 1788; x_wconf 88' lang='lat' dir='ltr'><strong>ex</strong></span> <span class='ocrx_word' id='word_1_68' title='bbox 1280 1747 1395 1811; x_wconf 63' lang='lat' dir='ltr'><strong>praece·</strong></span> 
     </span>
     <span class='ocr_line' id='line_1_11' title="bbox 443 1824 1396 1912; baseline -0.001 -21"><span class='ocrx_word' id='word_1_69' title='bbox 443 1827 593 1892; x_wconf 86' lang='lat' dir='ltr'><strong>dentibus</strong></span> <span class='ocrx_word' id='word_1_70' title='bbox 607 1836 664 1889; x_wconf 88' lang='lat' dir='ltr'><strong>aut</strong></span> <span class='ocrx_word' id='word_1_71' title='bbox 686 1846 953 1910; x_wconf 91' lang='lat' dir='ltr'><strong>quarumcunque</strong></span> <span class='ocrx_word' id='word_1_72' title='bbox 967 1847 1072 1889; x_wconf 90' lang='lat' dir='ltr'><strong>rerum</strong></span> <span class='ocrx_word' id='word_1_73' title='bbox 1092 1824 1229 1903; x_wconf 87' lang='lat' dir='ltr'><strong>indiciis,</strong></span> <span class='ocrx_word' id='word_1_74' title='bbox 1244 1849 1319 1912; x_wconf 84' lang='lat' dir='ltr'><strong>quae</strong></span> <span class='ocrx_word' id='word_1_75' title='bbox 1333 1825 1396 1890; x_wconf 88' lang='lat' dir='ltr'><strong>sint</strong></span> 
     </span>
     <span class='ocr_line' id='line_1_12' title="bbox 443 1926 1397 2012; baseline 0.002 -24"><span class='ocrx_word' id='word_1_76' title='bbox 443 1941 578 1992; x_wconf 88' lang='lat' dir='ltr'><strong>ventura</strong></span> <span class='ocrx_word' id='word_1_77' title='bbox 599 1927 783 2012; x_wconf 87' lang='lat' dir='ltr'><strong>conjiciunt,</strong></span> <span class='ocrx_word' id='word_1_78' title='bbox 806 1926 886 2012; x_wconf 89' lang='lat' dir='ltr'><strong>quid</strong></span> <span class='ocrx_word' id='word_1_79' title='bbox 916 1927 1065 2012; x_wconf 87' lang='lat' dir='ltr'><strong>prohibet</strong></span> <span class='ocrx_word' id='word_1_80' title='bbox 1087 1929 1220 2012; x_wconf 84' lang='lat' dir='ltr'><strong>spiritus</strong></span> <span class='ocrx_word' id='word_1_81' title='bbox 1248 1929 1290 1994; x_wconf 86' lang='lat' dir='ltr'><strong>ab</strong></span> <span class='ocrx_word' id='word_1_82' title='bbox 1311 1927 1397 1992; x_wconf 92' lang='lat' dir='ltr'><strong>omui</strong></span> 
     </span>
     <span class='ocr_line' id='line_1_13' title="bbox 443 2028 1395 2114; baseline 0 -20"><span class='ocrx_word' id='word_1_83' title='bbox 443 2052 527 2094; x_wconf 84' lang='lat' dir='ltr'><strong>nexu</strong></span> <span class='ocrx_word' id='word_1_84' title='bbox 544 2029 684 2114; x_wconf 89' lang='lat' dir='ltr'><strong>corporis</strong></span> <span class='ocrx_word' id='word_1_85' title='bbox 699 2028 874 2105; x_wconf 87' lang='lat' dir='ltr'><strong>absolutos,</strong></span> <span class='ocrx_word' id='word_1_86' title='bbox 889 2050 970 2114; x_wconf 92' lang='lat' dir='ltr'><strong>quos</strong></span> <span class='ocrx_word' id='word_1_87' title='bbox 982 2029 1078 2093; x_wconf 87' lang='lat' dir='ltr'><strong>noxia</strong></span> <span class='ocrx_word' id='word_1_88' title='bbox 1092 2029 1190 2094; x_wconf 88' lang='lat' dir='ltr'><strong>moles</strong></span> <span class='ocrx_word' id='word_1_89' title='bbox 1199 2052 1263 2094; x_wconf 91' lang='lat' dir='ltr'><strong>nou</strong></span> <span class='ocrx_word' id='word_1_90' title='bbox 1278 2031 1395 2106; x_wconf 80' lang='lat' dir='ltr'><strong>tardat,</strong></span> 
     </span>
     <span class='ocr_line' id='line_1_14' title="bbox 443 2129 1397 2217; baseline 0.001 -23"><span class='ocrx_word' id='word_1_91' title='bbox 443 2152 549 2194; x_wconf 91' lang='lat' dir='ltr'><strong>rerum</strong></span> <span class='ocrx_word' id='word_1_92' title='bbox 571 2129 816 2207; x_wconf 86' lang='lat' dir='ltr'><strong>imminentium,</strong></span> <span class='ocrx_word' id='word_1_93' title='bbox 837 2145 894 2193; x_wconf 90' lang='lat' dir='ltr'><strong>aut</strong></span> <span class='ocrx_word' id='word_1_94' title='bbox 916 2130 949 2192; x_wconf 95' lang='lat' dir='ltr'><strong>in</strong></span> <span class='ocrx_word' id='word_1_95' title='bbox 971 2130 1111 2214; x_wconf 91' lang='lat' dir='ltr'><strong>plurima</strong></span> <span class='ocrx_word' id='word_1_96' title='bbox 1125 2145 1271 2217; x_wconf 89' lang='lat' dir='ltr'><strong>tempora</strong></span> <span class='ocrx_word' id='word_1_97' title='bbox 1292 2153 1397 2195; x_wconf 88' lang='lat' dir='ltr'><strong>succe·</strong></span> 
     </span>
     <span class='ocr_line' id='line_1_15' title="bbox 442 2229 1396 2318; baseline -0.002 -20"><span class='ocrx_word' id='word_1_98' title='bbox 442 2233 586 2298; x_wconf 91' lang='lat' dir='ltr'><strong>dentium</strong></span> <span class='ocrx_word' id='word_1_99' title='bbox 612 2229 786 2318; x_wconf 67' lang='lat' dir='ltr'><strong>praemetiri</strong></span> <span class='ocrx_word' id='word_1_100' title='bbox 811 2236 987 2295; x_wconf 85' lang='lat' dir='ltr'><strong>eventum?</strong></span> <span class='ocrx_word' id='word_1_101' title='bbox 1019 2233 1081 2296; x_wconf 88' lang='lat' dir='ltr'><strong>Sed</strong></span> <span class='ocrx_word' id='word_1_102' title='bbox 1111 2231 1168 2318; x_wconf 92' lang='lat' dir='ltr'><strong>qui</strong></span> <span class='ocrx_word' id='word_1_103' title='bbox 1197 2233 1265 2296; x_wconf 85' lang='lat' dir='ltr'><strong>fere</strong></span> <span class='ocrx_word' id='word_1_104' title='bbox 1292 2231 1396 2316; x_wconf 88' lang='lat' dir='ltr'><strong>pridie</strong></span> 
     </span>
     <span class='ocr_line' id='line_1_16' title="bbox 442 2332 1395 2420; baseline -0.002 -20"><span class='ocrx_word' id='word_1_105' title='bbox 442 2349 537 2400; x_wconf 87' lang='lat' dir='ltr'><strong>natus</strong></span> <span class='ocrx_word' id='word_1_106' title='bbox 548 2347 606 2410; x_wconf 87' lang='lat' dir='ltr'><strong>est,</strong></span> <span class='ocrx_word' id='word_1_107' title='bbox 617 2333 763 2419; x_wconf 88' lang='lat' dir='ltr'><strong>postdies</strong></span> <span class='ocrx_word' id='word_1_108' title='bbox 772 2332 926 2420; x_wconf 83' lang='lat' dir='ltr'><strong>pauculos</strong></span> <span class='ocrx_word' id='word_1_109' title='bbox 935 2332 1395 2419; x_wconf 85' lang='lat' dir='ltr'><strong>decessurus,mediotempore</strong></span> 
     </span>
     <span class='ocr_line' id='line_1_17' title="bbox 441 2434 1393 2520; baseline -0.004 -19"><span class='ocrx_word' id='word_1_110' title='bbox 441 2459 482 2502; x_wconf 86' lang='lat' dir='ltr'><strong>ex</strong></span> <span class='ocrx_word' id='word_1_111' title='bbox 498 2436 654 2501; x_wconf 87' lang='lat' dir='ltr'><strong>similibus</strong></span> <span class='ocrx_word' id='word_1_112' title='bbox 675 2434 789 2499; x_wconf 87' lang='lat' dir='ltr'><strong>similia</strong></span> <span class='ocrx_word' id='word_1_113' title='bbox 807 2435 940 2520; x_wconf 85' lang='lat' dir='ltr'><strong>colligit,</strong></span> <span class='ocrx_word' id='word_1_114' title='bbox 958 2448 991 2500; x_wconf 92' lang='lat' dir='ltr'><strong>et</strong></span> <span class='ocrx_word' id='word_1_115' title='bbox 1013 2435 1053 2498; x_wconf 92' lang='lat' dir='ltr'><strong>de</strong></span> <span class='ocrx_word' id='word_1_116' title='bbox 1069 2439 1173 2500; x_wconf 85' lang='lat' dir='ltr'><strong>causis</strong></span> <span class='ocrx_word' id='word_1_117' title='bbox 1190 2435 1250 2500; x_wconf 89' lang='lat' dir='ltr'><strong>sibi</strong></span> <span class='ocrx_word' id='word_1_118' title='bbox 1266 2435 1393 2498; x_wconf 85' lang='lat' dir='ltr'><strong>interim</strong></span> 
     </span>
     <span class='ocr_line' id='line_1_18' title="bbox 440 2535 1393 2623; baseline -0.004 -19"><span class='ocrx_word' id='word_1_119' title='bbox 440 2538 525 2604; x_wconf 86' lang='lat' dir='ltr'><strong>notis</strong></span> <span class='ocrx_word' id='word_1_120' title='bbox 548 2535 755 2602; x_wconf 88' lang='lat' dir='ltr'><strong>ratiocinatur</strong></span> <span class='ocrx_word' id='word_1_121' title='bbox 777 2536 809 2601; x_wconf 89' lang='lat' dir='ltr'><strong>in</strong></span> <span class='ocrx_word' id='word_1_122' title='bbox 832 2549 1005 2623; x_wconf 87' lang='lat' dir='ltr'><strong>posterum.</strong></span> <span class='ocrx_word' id='word_1_123' title='bbox 1050 2541 1165 2602; x_wconf 91' lang='lat' dir='ltr'><strong>Nonne</strong></span> <span class='ocrx_word' id='word_1_124' title='bbox 1187 2537 1248 2601; x_wconf 88' lang='lat' dir='ltr'><strong>hoe</strong></span> <span class='ocrx_word' id='word_1_125' title='bbox 1268 2535 1393 2600; x_wconf 84' lang='lat' dir='ltr'><strong>facilius</strong></span> 
     </span>
     <span class='ocr_line' id='line_1_19' title="bbox 443 2636 1395 2728; baseline -0.004 -23"><span class='ocrx_word' id='word_1_126' title='bbox 443 2651 548 2728; x_wconf 88' lang='lat' dir='ltr'><strong>potest</strong></span> <span class='ocrx_word' id='word_1_127' title='bbox 568 2662 631 2703; x_wconf 91' lang='lat' dir='ltr'><strong>non</strong></span> <span class='ocrx_word' id='word_1_128' title='bbox 654 2638 750 2702; x_wconf 92' lang='lat' dir='ltr'><strong>modo</strong></span> <span class='ocrx_word' id='word_1_129' title='bbox 773 2637 934 2724; x_wconf 86' lang='lat' dir='ltr'><strong>antiquus,</strong></span> <span class='ocrx_word' id='word_1_130' title='bbox 957 2636 1013 2701; x_wconf 85' lang='lat' dir='ltr'><strong>sed</strong></span> <span class='ocrx_word' id='word_1_131' title='bbox 1042 2637 1237 2703; x_wconf 84' lang='lat' dir='ltr'><strong>inveteratus</strong></span> <span class='ocrx_word' id='word_1_132' title='bbox 1258 2636 1395 2717; x_wconf 91' lang='lat' dir='ltr'><strong>dierum,</strong></span> 
     </span>
     <span class='ocr_line' id='line_1_20' title="bbox 442 2739 1393 2829; baseline -0.004 -23"><span class='ocrx_word' id='word_1_133' title='bbox 442 2742 497 2829; x_wconf 93' lang='lat' dir='ltr'><strong>qui</strong></span> <span class='ocrx_word' id='word_1_134' title='bbox 512 2743 553 2806; x_wconf 94' lang='lat' dir='ltr'><strong>ab</strong></span> <span class='ocrx_word' id='word_1_135' title='bbox 567 2741 660 2806; x_wconf 91' lang='lat' dir='ltr'><strong>initio</strong></span> <span class='ocrx_word' id='word_1_136' title='bbox 679 2739 829 2805; x_wconf 82' lang='lat' dir='ltr'><strong>conditus</strong></span> <span class='ocrx_word' id='word_1_137' title='bbox 847 2753 895 2804; x_wconf 88' lang='lat' dir='ltr'><strong>est</strong></span> <span class='ocrx_word' id='word_1_138' title='bbox 917 2741 1030 2826; x_wconf 89' lang='lat' dir='ltr'><strong>plenus</strong></span> <span class='ocrx_word' id='word_1_139' title='bbox 1050 2740 1204 2826; x_wconf 89' lang='lat' dir='ltr'><strong>sapientia</strong></span> <span class='ocrx_word' id='word_1_140' title='bbox 1220 2753 1253 2804; x_wconf 87' lang='lat' dir='ltr'><strong>et</strong></span> <span class='ocrx_word' id='word_1_141' title='bbox 1271 2739 1393 2826; x_wconf 81' lang='lat' dir='ltr'><strong>perfec·</strong></span> 
     </span>
     <span class='ocr_line' id='line_1_21' title="bbox 442 2841 1394 2926; baseline -0.006 -16"><span class='ocrx_word' id='word_1_142' title='bbox 442 2846 527 2912; x_wconf 86' lang='lat' dir='ltr'><strong>tione</strong></span> <span class='ocrx_word' id='word_1_143' title='bbox 539 2845 692 2909; x_wconf 86' lang='lat' dir='ltr'><strong>decorus?</strong></span> <span class='ocrx_word' id='word_1_144' title='bbox 708 2844 790 2917; x_wconf 86' lang='lat' dir='ltr'><strong>Quis</strong></span> <span class='ocrx_word' id='word_1_145' title='bbox 798 2843 878 2907; x_wconf 91' lang='lat' dir='ltr'><strong>adeo</strong></span> <span class='ocrx_word' id='word_1_146' title='bbox 887 2843 1035 2908; x_wconf 87' lang='lat' dir='ltr'><strong>hebesest</strong></span> <span class='ocrx_word' id='word_1_147' title='bbox 1042 2856 1074 2907; x_wconf 88' lang='lat' dir='ltr'><strong>et</strong></span> <span class='ocrx_word' id='word_1_148' title='bbox 1080 2841 1394 2926; x_wconf 83' lang='lat' dir='ltr'><strong>tarditatiscgregioe,</strong></span> 
     </span>
     <span class='ocr_line' id='line_1_22' title="bbox 441 2939 1392 3034; baseline -0.006 -25"><span class='ocrx_word' id='word_1_149' title='bbox 441 2946 497 3034; x_wconf 89' lang='lat' dir='ltr'><strong>qui</strong></span> <span class='ocrx_word' id='word_1_150' title='bbox 515 2959 603 3010; x_wconf 89' lang='lat' dir='ltr'><strong>tanto</strong></span> <span class='ocrx_word' id='word_1_151' title='bbox 619 2942 770 3027; x_wconf 91' lang='lat' dir='ltr'><strong>temporis</strong></span> <span class='ocrx_word' id='word_1_152' title='bbox 780 2955 897 3020; x_wconf 85' lang='lat' dir='ltr'><strong>tractu,</strong></span> <span class='ocrx_word' id='word_1_153' title='bbox 913 2966 973 3026; x_wconf 93' lang='lat' dir='ltr'><strong>pro</strong></span> <span class='ocrx_word' id='word_1_154' title='bbox 985 2955 1077 3028; x_wconf 87' lang='lat' dir='ltr'><strong>parte</strong></span> <span class='ocrx_word' id='word_1_155' title='bbox 1091 2943 1133 3006; x_wconf 92' lang='lat' dir='ltr'><strong>ad</strong></span> <span class='ocrx_word' id='word_1_156' title='bbox 1145 2966 1183 3007; x_wconf 86' lang='lat' dir='ltr'><strong>ea</strong></span> <span class='ocrx_word' id='word_1_157' title='bbox 1196 2939 1392 3027; x_wconf 87' lang='lat' dir='ltr'><strong>conjicienda</strong></span> 
     </span>
     <span class='ocr_line' id='line_1_23' title="bbox 440 3040 1391 3132; baseline -0.006 -22"><span class='ocrx_word' id='word_1_158' title='bbox 440 3069 513 3132; x_wconf 78' lang='lat' dir='ltr'><strong>quae</strong></span> <span class='ocrx_word' id='word_1_159' title='bbox 539 3045 650 3108; x_wconf 86' lang='lat' dir='ltr'><strong>futura</strong></span> <span class='ocrx_word' id='word_1_160' title='bbox 673 3055 758 3117; x_wconf 85' lang='lat' dir='ltr'><strong>sunt,</strong></span> <span class='ocrx_word' id='word_1_161' title='bbox 782 3063 844 3105; x_wconf 92' lang='lat' dir='ltr'><strong>non</strong></span> <span class='ocrx_word' id='word_1_162' title='bbox 866 3046 1037 3127; x_wconf 86' lang='lat' dir='ltr'><strong>assurgat?</strong></span> <span class='ocrx_word' id='word_1_163' title='bbox 1060 3045 1222 3108; x_wconf 86' lang='lat' dir='ltr'><strong>Praeterea</strong></span> <span class='ocrx_word' id='word_1_164' title='bbox 1244 3040 1391 3127; x_wconf 70' lang='lat' dir='ltr'><strong>propitias</strong></span> 
     </span>
     <span class='ocr_line' id='line_1_24' title="bbox 441 3141 1393 3232; baseline -0.005 -23"><span class='ocrx_word' id='word_1_165' title='bbox 441 3158 628 3232; x_wconf 82' lang='lat' dir='ltr'><strong>potestates,</strong></span> <span class='ocrx_word' id='word_1_166' title='bbox 643 3165 715 3228; x_wconf 88' lang='lat' dir='ltr'><strong>quae</strong></span> <span class='ocrx_word' id='word_1_167' title='bbox 730 3142 871 3206; x_wconf 86' lang='lat' dir='ltr'><strong>caritatis</strong></span> <span class='ocrx_word' id='word_1_168' title='bbox 885 3146 976 3206; x_wconf 90' lang='lat' dir='ltr'><strong>cultu</strong></span> <span class='ocrx_word' id='word_1_169' title='bbox 991 3155 1024 3206; x_wconf 92' lang='lat' dir='ltr'><strong>et</strong></span> <span class='ocrx_word' id='word_1_170' title='bbox 1039 3141 1208 3206; x_wconf 88' lang='lat' dir='ltr'><strong>devotione</strong></span> <span class='ocrx_word' id='word_1_171' title='bbox 1222 3141 1393 3206; x_wconf 90' lang='lat' dir='ltr'><strong>obediendi</strong></span> 
     </span>
     <span class='ocr_line' id='line_1_25' title="bbox 441 3242 1393 3328; baseline -0.007 -16"><span class='ocrx_word' id='word_1_172' title='bbox 441 3246 581 3312; x_wconf 93' lang='lat' dir='ltr'><strong>Domino</strong></span> <span class='ocrx_word' id='word_1_173' title='bbox 602 3243 729 3310; x_wconf 88' lang='lat' dir='ltr'><strong>assidue</strong></span> <span class='ocrx_word' id='word_1_174' title='bbox 751 3243 962 3320; x_wconf 82' lang='lat' dir='ltr'><strong>famulantur,</strong></span> <span class='ocrx_word' id='word_1_175' title='bbox 977 3244 1023 3308; x_wconf 88' lang='lat' dir='ltr'><strong>eis</strong></span> <span class='ocrx_word' id='word_1_176' title='bbox 1045 3242 1175 3328; x_wconf 91' lang='lat' dir='ltr'><strong>quidem</strong></span> <span class='ocrx_word' id='word_1_177' title='bbox 1190 3254 1338 3326; x_wconf 87' lang='lat' dir='ltr'><strong>possunt,</strong></span> <span class='ocrx_word' id='word_1_178' title='bbox 1360 3251 1393 3306; x_wconf 87' lang='lat' dir='ltr'><strong>et</strong></span> 
     </span>
     <span class='ocr_line' id='line_1_26' title="bbox 441 3344 1392 3414; baseline -0.008 0"><span class='ocrx_word' id='word_1_179' title='bbox 441 3347 602 3414; x_wconf 87' lang='lat' dir='ltr'><strong>interdum</strong></span> <span class='ocrx_word' id='word_1_180' title='bbox 632 3345 806 3412; x_wconf 90' lang='lat' dir='ltr'><strong>creduntur</strong></span> <span class='ocrx_word' id='word_1_181' title='bbox 833 3346 960 3410; x_wconf 85' lang='lat' dir='ltr'><strong>occulta</strong></span> <span class='ocrx_word' id='word_1_182' title='bbox 988 3344 1138 3408; x_wconf 87' lang='lat' dir='ltr'><strong>revelare.</strong></span> <span class='ocrx_word' id='word_1_183' title='bbox 1185 3344 1254 3406; x_wconf 90' lang='lat' dir='ltr'><strong>Nec</strong></span> <span class='ocrx_word' id='word_1_184' title='bbox 1285 3354 1392 3406; x_wconf 88' lang='lat' dir='ltr'><strong>tamen</strong></span> 
     </span>
     <span class='ocr_line' id='line_1_27' title="bbox 441 3444 1393 3533; baseline -0.011 -15"><span class='ocrx_word' id='word_1_185' title='bbox 441 3456 546 3518; x_wconf 87' lang='lat' dir='ltr'><strong>statim</strong></span> <span class='ocrx_word' id='word_1_186' title='bbox 565 3472 675 3514; x_wconf 91' lang='lat' dir='ltr'><strong>verum</strong></span> <span class='ocrx_word' id='word_1_187' title='bbox 697 3462 755 3526; x_wconf 91' lang='lat' dir='ltr'><strong>est,</strong></span> <span class='ocrx_word' id='word_1_188' title='bbox 778 3447 866 3533; x_wconf 90' lang='lat' dir='ltr'><strong>quod</strong></span> <span class='ocrx_word' id='word_1_189' title='bbox 888 3447 1015 3532; x_wconf 89' lang='lat' dir='ltr'><strong>reprobi</strong></span> <span class='ocrx_word' id='word_1_190' title='bbox 1031 3444 1184 3519; x_wconf 86' lang='lat' dir='ltr'><strong>sentiunt,</strong></span> <span class='ocrx_word' id='word_1_191' title='bbox 1199 3452 1256 3506; x_wconf 83' lang='lat' dir='ltr'><strong>aut</strong></span> <span class='ocrx_word' id='word_1_192' title='bbox 1276 3444 1393 3528; x_wconf 81' lang='lat' dir='ltr'><strong>praedi·</strong></span> 
     </span>
     <span class='ocr_line' id='line_1_28' title="bbox 356 3543 1392 3637; baseline -0.008 -21"><span class='ocrx_word' id='word_1_193' title='bbox 356 3609 358 3616; x_wconf 93' lang='lat'><em>.</em></span> <span class='ocrx_word' id='word_1_194' title='bbox 439 3567 528 3633; x_wconf 90' lang='lat' dir='ltr'><strong>cunt,</strong></span> <span class='ocrx_word' id='word_1_195' title='bbox 543 3553 597 3616; x_wconf 88' lang='lat' dir='ltr'><strong>sed</strong></span> <span class='ocrx_word' id='word_1_196' title='bbox 614 3551 807 3637; x_wconf 87' lang='lat' dir='ltr'><strong>quandoque</strong></span> <span class='ocrx_word' id='word_1_197' title='bbox 822 3573 897 3634; x_wconf 84' lang='lat' dir='ltr'><strong>quae</strong></span> <span class='ocrx_word' id='word_1_198' title='bbox 919 3551 1120 3633; x_wconf 83' lang='lat' dir='ltr'><strong>suspicantur</strong></span> <span class='ocrx_word' id='word_1_199' title='bbox 1139 3558 1196 3608; x_wconf 88' lang='lat' dir='ltr'><strong>aut</strong></span> <span class='ocrx_word' id='word_1_200' title='bbox 1212 3543 1338 3621; x_wconf 87' lang='lat' dir='ltr'><strong>timent,</strong></span> <span class='ocrx_word' id='word_1_201' title='bbox 1355 3560 1392 3608; x_wconf 86' lang='lat' dir='ltr'><strong>ut</strong></span> 
     </span>
     <span class='ocr_line' id='line_1_29' title="bbox 439 3645 1391 3733; baseline -0.011 -16"><span class='ocrx_word' id='word_1_202' title='bbox 439 3653 609 3717; x_wconf 89' lang='lat' dir='ltr'><strong>videantur</strong></span> <span class='ocrx_word' id='word_1_203' title='bbox 637 3649 756 3714; x_wconf 81' lang='lat' dir='ltr'><strong>conscii</strong></span> <span class='ocrx_word' id='word_1_204' title='bbox 786 3661 990 3723; x_wconf 86' lang='lat' dir='ltr'><strong>secretorum,</strong></span> <span class='ocrx_word' id='word_1_205' title='bbox 1024 3657 1198 3733; x_wconf 90' lang='lat' dir='ltr'><strong>properant</strong></span> <span class='ocrx_word' id='word_1_206' title='bbox 1228 3645 1391 3708; x_wconf 82' lang='lat' dir='ltr'><strong>nunciare.</strong></span> 
     </span>
     <span class='ocr_line' id='line_1_30' title="bbox 441 3745 1391 3836; baseline -0.012 -16"><span class='ocrx_word' id='word_1_207' title='bbox 441 3752 541 3833; x_wconf 85' lang='lat' dir='ltr'><strong>Quale</strong></span> <span class='ocrx_word' id='word_1_208' title='bbox 556 3749 704 3836; x_wconf 90' lang='lat' dir='ltr'><strong>estquod</strong></span> <span class='ocrx_word' id='word_1_209' title='bbox 721 3748 861 3816; x_wconf 91' lang='lat' dir='ltr'><strong>Domino</strong></span> <span class='ocrx_word' id='word_1_210' title='bbox 875 3746 1035 3813; x_wconf 87' lang='lat' dir='ltr'><strong>nascituro</strong></span> <span class='ocrx_word' id='word_1_211' title='bbox 1056 3747 1090 3810; x_wconf 92' lang='lat' dir='ltr'><strong>in</strong></span> <span class='ocrx_word' id='word_1_212' title='bbox 1107 3745 1235 3833; x_wconf 90' lang='lat' dir='ltr'><strong>templis</strong></span> <span class='ocrx_word' id='word_1_213' title='bbox 1254 3747 1391 3831; x_wconf 83' lang='lat' dir='ltr'><strong>AEgypti</strong></span> 
     </span>
     <span class='ocr_line' id='line_1_31' title="bbox 440 3846 1389 3929; baseline -0.014 -7"><span class='ocrx_word' id='word_1_214' title='bbox 440 3853 663 3922; x_wconf 90' lang='lat' dir='ltr'><strong>desolationem</strong></span> <span class='ocrx_word' id='word_1_215' title='bbox 694 3873 815 3928; x_wconf 90' lang='lat' dir='ltr'><strong>eorum,</strong></span> <span class='ocrx_word' id='word_1_216' title='bbox 845 3863 878 3915; x_wconf 91' lang='lat' dir='ltr'><strong>et</strong></span> <span class='ocrx_word' id='word_1_217' title='bbox 906 3849 1082 3915; x_wconf 84' lang='lat' dir='ltr'><strong>discessum</strong></span> <span class='ocrx_word' id='word_1_218' title='bbox 1105 3868 1210 3929; x_wconf 89' lang='lat' dir='ltr'><strong>suum,</strong></span> <span class='ocrx_word' id='word_1_219' title='bbox 1230 3846 1389 3910; x_wconf 84' lang='lat' dir='ltr'><strong>daemoues</strong></span> 
     </span>
     <span class='ocr_line' id='line_1_32' title="bbox 440 3945 1390 4042; baseline -0.013 -21"><span class='ocrx_word' id='word_1_220' title='bbox 440 3955 632 4042; x_wconf 90' lang='lat' dir='ltr'><strong>templorum</strong></span> <span class='ocrx_word' id='word_1_221' title='bbox 655 3951 806 4038; x_wconf 88' lang='lat' dir='ltr'><strong>praesides</strong></span> <span class='ocrx_word' id='word_1_222' title='bbox 820 3949 1048 4037; x_wconf 68' lang='lat' dir='ltr'><strong>praedicebant.</strong></span> <span class='ocrx_word' id='word_1_223' title='bbox 1093 3948 1191 4013; x_wconf 91' lang='lat' dir='ltr'><strong>Unde</strong></span> <span class='ocrx_word' id='word_1_224' title='bbox 1206 3946 1287 4011; x_wconf 91' lang='lat' dir='ltr'><strong>illud</strong></span> <span class='ocrx_word' id='word_1_225' title='bbox 1302 3945 1390 4032; x_wconf 84' lang='lat' dir='ltr'><strong>apud</strong></span> 
     </span>
     <span class='ocr_line' id='line_1_33' title="bbox 442 4049 1387 4141; baseline -0.012 -18"><span class='ocrx_word' id='word_1_226' title='bbox 442 4056 687 4141; x_wconf 87' lang='lat' dir='ltr'><strong>Trismegistum</strong></span> <span class='ocrx_word' id='word_1_227' title='bbox 711 4055 751 4118; x_wconf 90' lang='lat' dir='ltr'><strong>de</strong></span> <span class='ocrx_word' id='word_1_228' title='bbox 774 4053 962 4120; x_wconf 88' lang='lat' dir='ltr'><strong>exterminio</strong></span> <span class='ocrx_word' id='word_1_229' title='bbox 992 4051 1152 4138; x_wconf 88' lang='lat' dir='ltr'><strong>religionis</strong></span> <span class='ocrx_word' id='word_1_230' title='bbox 1182 4049 1387 4114; x_wconf 70' lang='lat' dir='ltr'><strong>idololatriae:</strong></span> 
     </span>
     <span class='ocr_line' id='line_1_34' title="bbox 439 4149 1390 4246; baseline -0.012 -19"><span class='ocrx_word' id='word_1_231' title='bbox 439 4163 592 4246; x_wconf 82' lang='lat' dir='ltr'><strong>AEgypte,</strong></span> <span class='ocrx_word' id='word_1_232' title='bbox 602 4157 719 4244; x_wconf 90' lang='lat' dir='ltr'><strong>inquit,</strong></span> <span class='ocrx_word' id='word_1_233' title='bbox 729 4159 812 4242; x_wconf 88' lang='lat' dir='ltr'><strong>AEgy</strong></span> <span class='ocrx_word' id='word_1_234' title='bbox 818 4169 883 4242; x_wconf 90' lang='lat' dir='ltr'><strong>pte,</strong></span> <span class='ocrx_word' id='word_1_235' title='bbox 894 4155 952 4220; x_wconf 87' lang='lat' dir='ltr'><strong>erit</strong></span> <span class='ocrx_word' id='word_1_236' title='bbox 965 4177 1064 4239; x_wconf 91' lang='lat' dir='ltr'><strong>quum</strong></span> <span class='ocrx_word' id='word_1_237' title='bbox 1072 4151 1233 4238; x_wconf 87' lang='lat' dir='ltr'><strong>religionis</strong></span> <span class='ocrx_word' id='word_1_238' title='bbox 1243 4163 1309 4216; x_wconf 83' lang='lat' dir='ltr'><strong>tuae</strong></span> <span class='ocrx_word' id='word_1_239' title='bbox 1315 4149 1390 4216; x_wconf 78' lang='lat' dir='ltr'><strong>soloe</strong></span> 
     </span>
     <span class='ocr_line' id='line_1_35' title="bbox 439 4251 1389 4350; baseline -0.013 -21"><span class='ocrx_word' id='word_1_240' title='bbox 439 4258 763 4350; x_wconf 82' lang='lat' dir='ltr'><strong>supereruntfabulae.</strong></span> <span class='ocrx_word' id='word_1_241' title='bbox 780 4255 1008 4343; x_wconf 85' lang='lat' dir='ltr'><strong>Etsaepequod</strong></span> <span class='ocrx_word' id='word_1_242' title='bbox 1019 4279 1059 4319; x_wconf 85' lang='lat' dir='ltr'><strong>ex</strong></span> <span class='ocrx_word' id='word_1_243' title='bbox 1066 4251 1389 4328; x_wconf 84' lang='lat' dir='ltr'><strong>necessitatefaoiunt,</strong></span> 
     </span>
     <span class='ocr_line' id='line_1_36' title="bbox 441 4352 1392 4448; baseline -0.018 -15"><span class='ocrx_word' id='word_1_244' title='bbox 441 4379 474 4432; x_wconf 90' lang='lat' dir='ltr'><strong>et</strong></span> <span class='ocrx_word' id='word_1_245' title='bbox 488 4362 599 4442; x_wconf 86' lang='lat' dir='ltr'><strong>coacti,</strong></span> <span class='ocrx_word' id='word_1_246' title='bbox 615 4385 647 4428; x_wconf 90' lang='lat' dir='ltr'><strong>se</strong></span> <span class='ocrx_word' id='word_1_247' title='bbox 662 4373 774 4448; x_wconf 88' lang='lat' dir='ltr'><strong>sponte</strong></span> <span class='ocrx_word' id='word_1_248' title='bbox 788 4360 892 4425; x_wconf 86' lang='lat' dir='ltr'><strong>facere</strong></span> <span class='ocrx_word' id='word_1_249' title='bbox 915 4357 1077 4434; x_wconf 86' lang='lat' dir='ltr'><strong>simulant,</strong></span> <span class='ocrx_word' id='word_1_250' title='bbox 1101 4354 1194 4440; x_wconf 87' lang='lat' dir='ltr'><strong>quasi</strong></span> <span class='ocrx_word' id='word_1_251' title='bbox 1209 4352 1392 4419; x_wconf 88' lang='lat' dir='ltr'><strong>hominibus</strong></span> 
     </span>
    </p>
   </div>
   <div class='ocr_carea' id='block_1_3' title="bbox 0 0 1718 5367">
    <p class='ocr_par' dir='ltr' id='par_1_3' title="bbox 0 0 1718 5367">
     <span class='ocr_line' id='line_1_37' title="bbox 0 0 1718 5367; baseline 0 3"><span class='ocrx_word' id='word_1_252' title='bbox 0 0 1718 5367; x_wconf 95' lang='lat' dir='ltr'><strong> </strong></span> 
     </span>
    </p>
   </div>
  </div>
 </body>
</html>
