3425 5367
468 739 531 795 246
725 751 861 795 solutus
878 751 1154 795 sauusaaruausrs
1281 735 1365 808 [arn.
1382 752 1425 793 1v.

472 915 509 967 ut
525 903 698 988 putabatur
723 901 863 979 consilio,
878 916 910 965 et
929 902 1118 965 auctoritate
1135 901 1295 988 judicum,
1312 900 1352 965 ad
1369 901 1424 964 de-

470 1004 595 1067 lendam
616 1016 733 1067 sectam
756 1002 931 1078 bominum,
951 1001 1097 1087 opinione
1119 1003 1248 1085 publica
1270 1004 1423 1089 supersti-

470 1108 593 1186 tiosam,
609 1118 641 1170 et
657 1128 740 1171 verae
755 1103 916 1189 religionis
931 1103 1100 1181 inimicam,
1117 1105 1315 1169 invitaretur.
1354 1105 1422 1167 Neo

470 1222 575 1272 tamen
592 1228 820 1292 usquequaque
835 1204 1022 1269 commendo
1032 1204 1190 1291 justitiam
1206 1204 1353 1283 hominis,
1365 1204 1422 1291 qui

469 1310 633 1373 Christum
656 1307 835 1392 ignorabat,
851 1305 905 1371 sed
927 1306 1054 1391 culpam
1077 1309 1177 1391 ipsius
1196 1320 1346 1384 extenuo,
1362 1306 1419 1393 qui

466 1410 601 1474 aliorum
616 1407 789 1474 excedebat
804 1408 956 1493 impulsu,
968 1421 999 1471 et
1015 1408 1055 1471 ad
1072 1408 1258 1473 beneficium
1274 1410 1421 1473 miseren-

467 1510 610 1596 dumque
633 1511 770 1596 proprioe
798 1510 923 1595 pietatis
945 1510 1100 1592 agebatur
1122 1510 1285 1591 instinctu,
1308 1522 1421 1575 natura

465 1616 602 1677 clemens
620 1615 652 1676 in
671 1634 789 1693 omnes,
804 1624 949 1676 austerus
964 1610 994 1673 in
1011 1632 1142 1696 paucos,
1157 1612 1276 1697 quibus
1291 1634 1419 1697 parcere

465 1715 554 1778 nefas
569 1726 666 1787 esset;
688 1713 831 1790 adenut,
847 1713 944 1778 totius
960 1712 1083 1798 imperii
1098 1712 1146 1777 sui
1162 1713 1329 1793 curriculo,
1338 1736 1420 1779 unus

465 1813 635 1878 damnatus
654 1814 695 1877 sit
714 1824 894 1877 senatorum
917 1812 1112 1877 nobiliumve
1127 1814 1228 1891 urbis,
1244 1814 1317 1879 licet
1331 1814 1420 1878 inve·

463 1916 593 1980 niantur
617 1914 747 2000 plurimi
770 1914 801 1978 in
826 1915 932 1999 ipsum
960 1914 1101 2000 graviter
1126 1914 1306 2000 deliquisse.
1353 1917 1416 1980 Hic

462 2030 568 2081 autem
595 2040 614 2079 a
645 2028 756 2079 senatu
785 2015 956 2081 damnatus
984 2028 1043 2095 est,
1072 2016 1237 2100 ignorante
1267 2018 1415 2103 Trajano.

455 2118 600 2181 ,Dicebat
614 2119 697 2180 enim
712 2117 858 2181 insanum
878 2141 945 2181 esse
964 2140 1049 2197 eum,
1065 2118 1120 2203 qui
1135 2118 1243 2181 oculos
1258 2118 1284 2181 si
1300 2118 1415 2183 habeat

459 2217 640 2302 lippientes,
659 2241 712 2281 eos
733 2218 823 2283 malit
843 2208 992 2300 effodere,
1012 2240 1108 2303 quam
1129 2239 1249 2281 curare.
1295 2220 1411 2285 Aiebat

459 2318 565 2399 etiam,
580 2342 704 2405 ungues
719 2320 744 2383 si
759 2320 895 2383 acriores
910 2320 1040 2397 fuerint,
1053 2318 1236 2385 resecandos
1251 2342 1329 2398 esse,
1347 2344 1410 2385 non

459 2421 649 2486 avellendos.
681 2423 714 2486 Si
726 2422 808 2486 enim
821 2422 1026 2499 citharoedus,
1037 2421 1154 2507 aliique
1166 2420 1320 2499 fidicines,
1332 2423 1415 2485 mul-

460 2536 494 2587 ta
512 2523 678 2609 diligentia
698 2538 882 2609 procurant,
903 2524 1065 2610 quomodo
1084 2522 1260 2588 oberrantis
1284 2524 1411 2589 chordae

458 2636 658 2709 compescant
670 2624 792 2701 vitium,
805 2638 837 2689 et
848 2624 980 2689 eandem
993 2623 1061 2687 aliis
1073 2624 1254 2687 unanimem
1265 2623 1412 2705 reddant,

456 2726 639 2813 faciantque
667 2726 882 2792 dulcissimam
913 2725 1135 2791 dissidentium
1162 2728 1411 2806 consonantiam,

455 2827 584 2891 chordis
607 2850 669 2890 non
697 2828 809 2913 ruptis,
834 2826 890 2891 sed
921 2826 1017 2890 tensis
1045 2825 1335 2911 proportionaliter,
1358 2826 1408 2890 vel

456 2928 609 2992 remissis:
635 2942 756 3015 quanta
771 2927 984 2991 sollicitudine
1004 2938 1131 3012 oportet
1151 2926 1325 3012 principem
1340 2950 1407 2991 mo·

456 3029 571 3104 derari,
586 3050 671 3093 nunc
688 3030 794 3113 rigore
810 3028 958 3113 justitiae,
973 3050 1057 3093 nunc
1077 3027 1258 3091 remissione
1274 3028 1407 3092 clemen·

454 3129 522 3210 tioe,
536 3143 573 3192 ut
588 3129 734 3193 subditos
752 3129 848 3193 faciat
871 3129 964 3214 quasi
986 3130 1149 3193 unanimes
1171 3129 1284 3194 esseio
1300 3130 1407 3206 domo,

453 3242 485 3293 et
502 3228 593 3315 quasi
614 3228 865 3294 discordantium
881 3229 913 3293 in
929 3229 1103 3293 ministerio
1118 3230 1205 3315 pacis
1219 3242 1251 3293 et
1266 3230 1407 3294 caritatis

453 3329 614 3416 operibus,
640 3352 732 3394 unam
757 3330 852 3395 faciat
876 3330 1060 3416 perlectam,
1083 3345 1115 3396 et
1139 3331 1308 3395 maximam
1334 3332 1406 3395 bar-

453 3432 616 3496 moniam?
654 3435 728 3497 Hoc
756 3443 864 3495 autem
895 3443 1016 3496 certum
1042 3444 1101 3509 est,
1127 3431 1203 3516 quia
1229 3430 1332 3495 tutius
1357 3446 1404 3497 est

451 3534 588 3598 chordas
612 3532 731 3597 remitti
759 3533 924 3608 intensius,
952 3556 1049 3619 quam
1078 3532 1236 3619 protendi.
1282 3534 1404 3599 Remis-

452 3655 557 3695 sarum
573 3654 710 3717 namque
724 3633 871 3709 intensio,
886 3634 1017 3699 artificis
1031 3634 1147 3721 peritia
1158 3634 1359 3715 convalescit,
1371 3649 1403 3701 et

450 3733 591 3798 debitam
614 3734 682 3799 soni
704 3732 810 3799 reddit
831 3735 988 3820 gratiam;
1017 3735 1073 3803 sed
1094 3759 1169 3822 quae
1190 3736 1284 3801 semel
1306 3749 1403 3821 rupta

449 3849 509 3915 est,
527 3835 616 3899 nullo
635 3834 770 3900 artificio
792 3848 968 3921 reparatur.
1015 3838 1164 3903 Profecto
1185 3838 1210 3901 si
1231 3859 1326 3901 sonus
1346 3859 1401 3899 ex-

448 3938 559 4021 igitur,
582 3961 675 4023 quem
697 3960 758 4001 non
780 3937 910 4013 babent,
927 3938 1046 4003 frustra
1066 3940 1251 4011 tenduntur,
1269 3950 1300 4001 et
1317 3959 1400 4022 saepe

448 4039 544 4103 citius
565 4038 692 4102 venitur
712 4039 754 4102 ad
777 4038 913 4115 nullum,
936 4061 1032 4124 quam
1056 4041 1096 4102 ad
1120 4062 1204 4114 eum,
1226 4038 1283 4123 qui
1306 4040 1400 4104 nimis

448 4138 597 4223 exigitur.
643 4138 875 4206 AitEtbicus:

551 4286 602 4339 Est
612 4288 685 4357 piger
697 4286 730 4338 ad
742 4305 833 4357 poenas
844 4290 971 4360 princeps,
983 4288 1016 4340 ad
1028 4288 1134 4359 praemia
1145 4288 1231 4352 velox,

587 4372 692 4443 Quique
705 4372 783 4435 dolet,
796 4375 913 4441 quotiens
926 4376 1025 4441 mgitur
1038 4391 1096 4426 esse
1107 4372 1188 4427 ferox.
