3425 5367
442 735 504 795 las
698 749 833 793 maurus
849 747 1129 793 sanasnnnraasrs
1250 733 1332 808 [nm.
1350 751 1388 796 11.

440 897 501 962 hoc
522 897 693 964 mandante
712 898 853 964 Domino
871 897 1015 963 demoliti
1036 912 1120 974 sunt,
1135 912 1167 963 et
1189 922 1292 985 quum
1307 900 1388 966 nulli

440 999 558 1064 ducum
584 999 644 1063 nisi
668 998 710 1062 de
731 1022 826 1064 manu
851 999 981 1064 Domini
1001 1001 1200 1064 exercituum
1224 1002 1388 1084 contingat

441 1099 583 1180 victoria,
594 1101 714 1164 auctori
725 1101 883 1164 bonorum
893 1122 955 1163 non
967 1101 1107 1164 reserens
1114 1101 1259 1186 gloriam,
1268 1102 1390 1166 viribus

440 1201 507 1266 suis
526 1201 560 1266 in
574 1202 655 1265 facie
676 1201 788 1288 populi
810 1201 852 1265 de
872 1201 990 1265 collato
1010 1225 1141 1267 munere
1162 1202 1388 1288 applaudebat.

442 1304 494 1368 Sic
514 1305 599 1366 enim
614 1303 765 1388 scriptum
788 1315 855 1366 est:
882 1304 1020 1367 Factum
1039 1315 1086 1367 est
1102 1303 1236 1372 verbum
1259 1303 1390 1367 Domini

440 1404 482 1468 ad
503 1403 702 1470 Samuelem:
724 1403 865 1469 Poenitet
886 1403 1045 1489 mequod
1068 1404 1288 1468 constituerim
1312 1404 1389 1467 Saul

440 1527 559 1588 regem,
578 1503 657 1590 quia
677 1503 848 1590 dereliquit
867 1526 931 1580 me,
950 1517 984 1567 et
998 1505 1097 1568 verba
1117 1525 1187 1567 mea
1209 1525 1305 1589 opere
1325 1525 1388 1567 non

440 1605 594 1691 implerit.
640 1606 856 1671 Contristetus
880 1618 930 1669 est
955 1607 1094 1681 Samuel,
1118 1619 1151 1669 et
1173 1605 1322 1670 clamavit
1349 1604 1389 1670 ad

444 1707 617 1773 Dominum
633 1720 701 1771 tota
715 1719 818 1770 nocte.
851 1705 1025 1792 Quumque
1040 1708 1080 1770 de
1093 1718 1187 1770 nocte
1201 1705 1390 1770 surrexisset

441 1824 478 1876 nt
489 1811 550 1876 iret
564 1812 605 1874 ad
622 1808 761 1888 Saulem,
774 1831 864 1873 mane
874 1808 1060 1872 nunciatum
1074 1821 1123 1872 est
1138 1806 1289 1884 Samueli,
1301 1806 1389 1893 quod

442 1912 578 1976 venisset
593 1911 671 1976 Saul
690 1911 721 1974 in
744 1910 938 1988 Carmelum,
951 1923 984 1973 et
998 1913 1150 1974 erexisset
1165 1909 1224 1973 sibi
1238 1910 1390 1972 fornicem

442 2011 679 2096 triumphalem,
701 2023 734 2074 et
755 2033 902 2074 reversus
919 2009 1045 2090 fuisset,
1058 2008 1337 2094 descendissetque
1358 2009 1390 2073 in

443 2111 588 2197 Galgala.
633 2110 760 2174 Deinde
780 2111 820 2174 ad
842 2111 1076 2197 increpationes
1100 2110 1255 2175 Samuelis
1271 2109 1388 2173 crimen

440 2213 663 2280 inobedientiae
678 2212 740 2276 sub
755 2225 915 2298 praetextu
927 2212 1088 2297 religionis
1101 2212 1215 2278 maluit
1229 2234 1391 2287 excusare,

439 2338 535 2404 quam
557 2314 663 2379 delere
684 2336 742 2400 per
763 2313 1003 2398 poenitentiam;
1028 2337 1104 2400 quse
1122 2313 1261 2379 secunda
1280 2313 1391 2377 tabula

440 2429 513 2503 post
542 2413 745 2498 naufragium
774 2412 885 2478 relicta
907 2427 955 2477 est
979 2414 1148 2502 peccatori.
1198 2416 1258 2478 Ait
1286 2414 1389 2477 enim:

443 2520 516 2582 imo
537 2515 647 2581 audivi
671 2537 779 2579 vocem
802 2514 945 2592 Domini,
967 2528 999 2580 et
1021 2514 1183 2580 ambulari
1203 2515 1237 2578 in
1258 2515 1310 2579 ria
1332 2535 1391 2600 per

440 2640 538 2704 quam
564 2617 650 2683 misit
676 2640 726 2682 me
753 2617 923 2692 Dominus,
948 2630 982 2682 et
1011 2616 1135 2682 adduxi
1160 2621 1255 2702 Agag
1282 2637 1388 2701 regem

440 2717 608 2793 Amalech,
620 2731 651 2782 et
668 2716 822 2781 Amalech
837 2717 994 2782 interfeci.
1021 2716 1112 2782 Tulit
1128 2730 1234 2781 autem
1251 2715 1390 2803 populus

440 2819 482 2882 de
500 2818 611 2904 praeda
631 2843 708 2884 ores
729 2832 761 2884 et
782 2818 882 2883 boves
905 2819 1062 2905 primitias
1083 2842 1193 2884 eorum
1215 2841 1289 2904 quae
1310 2839 1391 2882 caesa

440 2933 527 3002 sunt,
541 2934 579 2986 ut
593 2920 734 2984 immolet
751 2921 890 2984 Domino
904 2924 975 2984 Deo
989 2943 1048 2984 suo
1062 2921 1095 2983 in
1111 2920 1266 3005 Galgalis.
1305 2921 1389 2984 Ecce

440 3022 601 3106 quomodo
622 3045 656 3084 se
676 3021 780 3107 ipsum
805 3034 947 3097 excusat,
969 3033 1002 3085 et
1024 3022 1181 3106 quicquid
1206 3021 1311 3106 culpae
1332 3032 1391 3099 est,

439 3133 496 3184 aut
520 3133 684 3198 extenuat,
709 3133 766 3186 aut
792 3119 933 3183 refundit
955 3121 988 3182 in
1014 3121 1184 3204 populum.
1230 3123 1291 3186 Ait
1314 3143 1391 3207 ergo

441 3220 583 3286 Samuel:
597 3219 753 3306 Nunquid
761 3221 831 3286 vult
838 3219 997 3284 Dominus
1005 3220 1188 3284 holocausta
1195 3234 1226 3284 et
1234 3222 1390 3299 victimas,

438 3336 472 3389 et
486 3344 548 3387 non
564 3323 671 3410 potius
694 3335 730 3388 ut
745 3322 916 3388 obediatur
931 3323 1001 3387 voci
1016 3321 1171 3388 Domini?
1209 3317 1327 3383 Melior
1340 3335 1391 3385 est

439 3427 523 3488 enim
537 3423 718 3489 obedientia
740 3446 836 3509 quam
852 3423 1007 3500 victimae3
1030 3435 1062 3485 et
1077 3419 1257 3484 auscultare
1279 3419 1390 3504 magis,

439 3547 535 3610 quam
551 3525 665 3588 offerre
686 3523 811 3606 adipem
829 3524 975 3588 arietum.
1020 3520 1178 3598 Quoniam
1200 3523 1294 3608 quasi
1314 3543 1388 3606 pec·

439 3638 545 3688 catum
561 3623 714 3686 ariolandi
730 3635 778 3687 est
800 3645 990 3707 repugnare,
1003 3636 1036 3687 et
1051 3623 1143 3708 quasi
1162 3621 1265 3686 scelus
1280 3621 1391 3686 Idolo·

438 3725 541 3791 latriae
555 3723 638 3789 nolle
657 3724 867 3807 acquiescere.
911 3727 976 3789 Pro
987 3749 1036 3790 .eo
1054 3725 1144 3812 quod
1161 3725 1303 3813 abjecisti
1325 3747 1389 3791 ser-

440 3849 565 3892 monem
582 3823 713 3890 Domini
732 3823 848 3912 abjecit
869 3837 901 3889 te
916 3828 1075 3891 Dominus
1088 3850 1129 3892 ne
1143 3828 1185 3892 sis
1204 3850 1272 3891 rex.
1316 3828 1390 3911 Ego

439 3927 568 4014 quidem
600 3925 743 3992 similiter
771 3926 909 3992 arbitror
934 3931 1059 3994 evenire
1082 3930 1242 4006 omnibus,
1267 3927 1325 4014 qui
1354 3928 1388 3992 in

439 4028 633 4095 sublimitate
641 4027 806 4092 constituti
816 4029 936 4095 abeunt
944 4043 1018 4115 post
1026 4029 1296 4115 concupiscentias
1304 4050 1389 4107 suas,

439 4145 471 4196 et
496 4130 707 4215 principatum
732 4153 769 4194 ac
799 4129 975 4195 dominium
1006 4131 1202 4208 simulantes,
1230 4144 1387 4194 tumorem

439 4253 531 4298 suum
546 4242 693 4295 exercent
709 4229 740 4294 in
756 4231 913 4312 subditos,
928 4245 1130 4318 coaequantes
1145 4232 1239 4296 libito
1253 4230 1387 4307 licitum,

439 4357 475 4403 ac
491 4333 517 4398 si
534 4330 616 4399 colla
629 4353 738 4396 eorum
750 4332 832 4420 jugo
846 4331 965 4398 divinar
981 4333 1059 4418 legis
1074 4333 1218 4418 subjecta
1232 4354 1295 4396 non
1312 4331 1391 4408 sint,
1501 4373 1516 4390 .
