3425 5367
420 730 480 791 140
674 746 810 792 tosnrus
826 745 1107 791 sanasasntansrs
1239 729 1312 810 [sm
1329 749 1366 794 n.

417 917 469 958 ces
488 895 527 958 de
549 893 670 960 intimis
692 893 888 981 praecordiis,
907 908 938 959 et
961 894 1099 981 adjecit:
1125 896 1199 981 Ego
1221 919 1290 961 sum
1312 896 1367 982 qui

416 997 556 1083 peccavi,
585 1017 645 1080 ego
674 995 782 1082 inique
811 995 874 1081 egi,
900 996 953 1060 isti
983 996 1039 1081 qui
1070 1019 1146 1062 oves
1174 1011 1260 1074 sunt,
1286 997 1368 1084 quid

415 1099 583 1164 fecerunt?
620 1102 724 1163 Verus
743 1097 855 1183 utiquc
876 1119 944 1176 rex,
965 1110 998 1161 et
1015 1095 1125 1179 justus
1149 1099 1308 1184 princeps,
1335 1113 1367 1163 et

417 1200 544 1286 dignus,
559 1200 615 1287 qui
634 1199 787 1265 Altissimi
802 1199 964 1284 frangeret
979 1198 1070 1273 iram,
1086 1199 1143 1284 qui
1158 1199 1236 1263 dum
1260 1223 1293 1263 se
1308 1223 1368 1286 pro

416 1301 537 1388 populo
562 1299 736 1384 flagellanti
761 1302 831 1364 Deo
856 1299 1018 1384 opposuit,
1043 1297 1272 1384 indignationis
1297 1301 1367 1385 ejus

415 1401 577 1487 flagellum
607 1399 735 1464 amovit.
782 1401 868 1463 Eum
898 1398 1056 1484 siquidem
1086 1400 1175 1463 nulla
1204 1400 1367 1464 excusatio

416 1502 527 1580 flectit,
539 1501 599 1566 nisi
611 1523 710 1587 quum
723 1499 794 1586 quis
805 1500 936 1586 proprio
942 1500 1067 1585 judicio
1076 1514 1251 1565 accusatur.
1275 1501 1366 1566 Nihil

416 1616 523 1668 movet
540 1603 582 1667 ad
606 1601 741 1674 veniam,
761 1600 820 1664 nisi
840 1623 941 1686 quum
964 1616 1079 1665 nocens
1102 1601 1221 1665 nudam
1246 1602 1367 1686 detegit

417 1706 556 1792 culpam.
584 1703 835 1768 Misericordiam
848 1703 928 1766 nibil
940 1704 1101 1780 admonet,
1113 1703 1173 1767 nisi
1185 1726 1285 1788 quum
1300 1704 1367 1768 ani·

417 1827 490 1868 mus
504 1805 636 1869 caritate
655 1825 834 1876 succensus,
849 1803 883 1865 iu
904 1826 938 1866 se
958 1803 1028 1888 ipso
1045 1803 1232 1867 conteritur.
1276 1803 1367 1869 Nihil

416 1904 588 1992 persuadet
600 1902 839 1989 propitiandum
852 1926 929 1977 esse,
942 1903 1001 1967 nisi
1017 1925 1119 1985 quum
1134 1925 1222 1966 mens
1237 1926 1365 1969 manum

416 2007 522 2093 operis
550 2003 692 2069 extendit
722 2003 762 2067 ad
793 2004 1061 2069 satisfaciendum.
1119 2004 1152 2068 si
1181 2005 1255 2092 quis
1282 2006 1366 2069 enim

417 2109 538 2172 fatetur
553 2106 693 2192 culpam,
703 2105 825 2170 inutilis
835 2119 882 2170 est
894 2106 1059 2184 confessio,
1074 2106 1134 2171 nisi
1146 2107 1367 2172 satisfactionis

417 2207 523 2272 animo
550 2221 658 2272 currat
688 2206 730 2270 ad
758 2203 892 2271 veniam.
938 2206 1081 2282 Peccavi‚
1110 2207 1227 2293 inquit,
1250 2207 1367 2286 Judas,

418 2309 549 2376 tradens
563 2307 747 2393 sanguinem
758 2309 895 2394 justum.
941 2310 1020 2373 Fuit
1034 2311 1145 2394 itaque
1161 2331 1235 2374 vera
1250 2331 1368 2395 usque·

418 2432 546 2497 quaque
560 2406 733 2474 confessio:
757 2409 811 2472 sed
821 2407 953 2483 inutilis,
969 2408 1046 2494 quia
1057 2409 1165 2494 potius
1176 2408 1317 2472 cucurrit
1326 2409 1367 2472 ad

416 2513 567 2598 laqueum
579 2534 676 2598 quem
685 2523 855 2589 meruerat,
863 2532 959 2596 quam
966 2509 1007 2573 ad
1013 2509 1134 2574 fontem
1145 2509 1367 2576 misericordiae

417 2627 515 2701 quam
537 2613 747 2690 demeruerat,
770 2623 802 2676 et
824 2611 1044 2676 obstinationis
1066 2633 1132 2675 suae
1153 2609 1274 2675 duritia
1288 2633 1370 2697 prae-

417 2715 554 2781 cluserat
584 2715 653 2781 sibi.
699 2717 785 2780 Eum
814 2727 921 2780 tamen
950 2713 1102 2800 poenituit
1131 2711 1251 2789 fecisse,
1281 2712 1368 2799 quod

418 2815 549 2896 fecerat,
575 2816 630 2882 sed
656 2839 718 2880 non
739 2839 776 2878 eo
800 2814 978 2879 devotionis
1004 2813 1133 2895 affectu,
1157 2813 1215 2900 qui
1231 2811 1366 2899 lapidem

405 2916 571 3010 'adjutorii
601 2916 758 2981 sufficeret
783 2913 933 2979 emollire.
990 2915 1184 2980 Poenitentia
1212 2913 1367 3000 siquidem

420 3019 539 3084 ductus
554 3016 668 3102 laqueo
679 3041 712 3081 se
727 3016 906 3100 suspendit.
950 3016 1058 3080 Vitam
1069 3016 1254 3100 ergodigno
1265 3014 1369 3078 finivit

419 3117 597 3204 supplicio;
629 3117 684 3181 sed
706 3117 783 3203 quia
803 3117 957 3180 malitiam
979 3138 1042 3178 non
1065 3117 1214 3192 correxit,
1245 3119 1370 3180 veniam

420 3220 480 3285 sibi
509 3217 598 3283 nullo
619 3217 730 3282 salutis
752 3216 936 3303 procuravit
965 3215 1111 3281 remedio.
1158 3215 1209 3279 Sic
1230 3216 1315 3278 enim
1337 3230 1370 3280 et

419 3321 507 3409 apud
521 3321 639 3386 inferos
654 3321 803 3386 scribitur
817 3343 885 3384 esse
899 3318 1047 3384 stimulus
1063 3314 1282 3403 poenitudinis,
1296 3313 1370 3380 licet

419 3423 509 3488 nulla
530 3424 571 3488 sit
591 3423 744 3488 correctio
764 3444 873 3509 pravae
892 3419 1072 3485 voluntatis.
1120 3416 1171 3480 Sic
1194 3438 1271 3500 ergo
1292 3415 1371 3481 Saul

418 3525 531 3610 procul
546 3523 644 3589 dubio
652 3535 818 3608 peccatum
830 3543 923 3586 suum
934 3521 1096 3605 imponere
1107 3517 1221 3583 nititur
1229 3517 1371 3581 humeris

419 3625 543 3702 alienis,
558 3633 590 3687 et
603 3623 682 3688 dum
697 3623 825 3688 simulat
845 3621 933 3707 quod
954 3643 974 3684 a
987 3641 1083 3705 poeua
1096 3618 1174 3683 velit
1189 3641 1247 3704 per
1261 3641 1372 3705 preces

421 3724 575 3793 Samuelis
589 3724 697 3800 eximi,
707 3724 845 3810 seipsum
857 3722 988 3808 gravium
997 3734 1175 3801 oneratum,
1185 3720 1371 3785 fortioribus

419 3828 542 3915 laqueis
561 3823 705 3907 involvit,
719 3838 752 3890 ct
767 3823 964 3911 irreparabili
987 3823 1142 3888 sententia
1161 3820 1371 3886 damnationis

421 3930 578 4016 astringit.
597 3937 598 3942 ’
625 3928 778 4014 Sequitur
792 3927 895 3992 enim:
921 3931 965 3992 Et
980 3947 1151 3991 conversus
1172 3936 1220 3988 est
1242 3922 1371 3989 Samuel

420 4045 459 4098 ut
474 4032 585 4096 abiret.
631 4027 691 4093 llle
711 4041 818 4094 autem
838 4027 1048 4115 apprehendit
1069 4027 1284 4092 summitatem
1304 4023 1371 4111 pal-

420 4131 455 4196 lii
470 4132 552 4218 ejus,
566 4151 641 4217 quae
656 4129 751 4193 scissa
764 4143 822 4194 est.
837 4131 884 4193 Et
899 4127 944 4192 ait
955 4128 996 4191 ad
1011 4149 1083 4191 eum
1096 4125 1243 4190 Samuel:
1269 4122 1371 4188 Scidit

420 4233 579 4298 Dominus
593 4251 726 4315 reguum
745 4229 844 4293 Israel
867 4252 886 4292 a
906 4243 938 4293 te
960 4227 1067 4306 hodie,
1082 4241 1115 4291 et
1137 4225 1271 4291 tradidit
1289 4223 1373 4288 illud

421 4338 567 4423 proximo
582 4346 638 4400 tuo
653 4332 775 4398 meliori
790 4345 831 4398 te.
878 4333 978 4396 Porro
992 4328 1208 4415 triumphator
1222 4327 1255 4391 in
1273 4328 1373 4391 lsrael
