3425 5367
312 718 382 764 cae.
398 695 522 779 xxvix]
619 732 623 737 =
662 708 917 763 eotrcmrrcns.

313 868 358 933 tia
383 869 510 945 deserit,
537 868 619 931 fiunt
648 890 773 953 semper
801 867 971 931 novissima
995 865 1081 931 illius
1109 867 1267 933 deteriora

312 970 481 1055 prioribus.
528 969 691 1053 Sacrilegii
705 969 807 1055 igitur
822 968 1016 1054 Pythonissa
1030 973 1156 1033 conscia
1170 991 1267 1055 expa-

312 1071 421 1150 vescit,
435 1084 466 1134 et
489 1082 632 1155 potestas
645 1093 665 1133 a
687 1070 826 1133 Domino
841 1074 1017 1135 constituta
1038 1069 1079 1133 ad
1101 1070 1266 1153 sacrilegia

311 1172 475 1236 evellenda
488 1173 566 1236 alias
587 1172 718 1257 quidem
733 1171 857 1252 timida,
878 1194 978 1257 quum
1000 1172 1128 1258 negotia
1143 1172 1264 1259 populi,

312 1298 385 1338 cum
408 1274 530 1338 domini
553 1274 637 1338 bella
658 1286 827 1359 geruntur,
846 1273 992 1339 idolatris
1012 1287 1144 1361 proestat
1166 1274 1267 1341 auda·

313 1376 404 1454 dam,
419 1390 452 1441 et
466 1376 637 1461 sacrilegiis
653 1379 771 1461 regiam
794 1376 1011 1441 accommodat
1033 1376 1265 1442 auctoritatem.

314 1478 456 1554 Ariolos,
471 1478 577 1563 inquit
592 1476 762 1552 Dominus,
785 1488 818 1541 et
829 1499 939 1561 magos
953 1500 993 1541 ue
1003 1478 1135 1565 patiaris
1147 1480 1263 1543 vivere.

314 1583 363 1644 At
377 1579 431 1643 ille
446 1580 486 1644 ad
502 1602 598 1665 quem
613 1601 716 1644 sermo
734 1578 797 1643 Dei
812 1578 973 1663 dirigitur,
989 1592 1021 1644 et
1041 1580 1100 1665 qui
1121 1579 1265 1665 gladium

314 1691 424 1766 portat
438 1679 479 1743 ad
495 1679 665 1743 vindictam
680 1679 933 1757 malefactorum,
948 1668 1104 1744 bonorum
1119 1680 1264 1766 gloriam,

315 1804 377 1845 non
404 1780 500 1844 modo
527 1780 645 1847 talibus
672 1780 874 1845 securitatem
905 1782 973 1860 dat,
999 1781 1055 1846 sed
1080 1782 1266 1869 promissam

314 1907 424 1971 pacem
442 1884 618 1971 juramenti
640 1882 792 1968 religione
806 1884 983 1949 confirmat.
1028 1887 1073 1950 Et
1096 1885 1140 1949 sic
1161 1886 1266 1951 evenit

315 1999 352 2052 ut
366 1986 398 2049 in
413 1985 542 2073 proprio
556 1985 698 2072 periculo
708 1984 821 2066 discat,
829 2008 927 2072 quam
943 1986 1087 2073 perplexi
1103 1986 1165 2052 sint
1176 1988 1266 2051 nervi

313 2088 531 2153 testiculorum
545 2086 735 2162 Leviatban,
748 2107 848 2171 quum
862 2086 921 2150 sibi
933 2087 1104 2152 tetenderit
1115 2087 1265 2175 laqueum

314 2190 435 2277 proprii
445 2190 560 2276 operis,
572 2214 593 2255 a
606 2212 671 2275 qno
685 2190 752 2253 sine
767 2188 879 2254 salutis
893 2188 1060 2276 dispendio
1076 2212 1137 2254 non
1149 2189 1266 2255 evadit.

316 2293 358 2356 Ei
369 2294 435 2378 jam
451 2305 539 2357 arcta
554 2291 743 2377 complexio,
757 2303 790 2354 et
803 2304 957 2355 cornutus
976 2291 1108 2378 quidam
1122 2292 1266 2355 imminet

316 2394 533 2479 syllogismus:
559 2393 592 2457 Si
606 2392 806 2477 Pythonissae
820 2392 975 2477 parcitur,
988 2392 1117 2457 Domini
1130 2392 1267 2456 violatur

315 2497 497 2583 imperium,
522 2493 736 2582 praecipientis
765 2507 802 2559 ut
831 2493 984 2557 maleficia
1012 2494 1195 2579 hujusmodi
1227 2494 1267 2557 de

315 2610 400 2662 terra
425 2598 613 2662 eradantur:
644 2597 672 2662 si
694 2618 757 2659 non
780 2596 933 2683 parcitur,
952 2596 1127 2681 juramenti
1153 2597 1266 2681 religio

314 2700 457 2765 vitiatur.
502 2702 703 2786 Quocunque
726 2722 759 2763 se
781 2711 886 2763 vertat
911 2698 1039 2783 impius,
1062 2700 1266 2784 comprehen-

314 2803 404 2869 ditur
428 2805 461 2866 in
484 2803 633 2888 operibus
656 2801 728 2867 suis.
774 2800 869 2866 Dixit
894 2821 969 2885 ergo
995 2800 1124 2864 mulier:
1160 2799 1263 2874 Quem

316 2905 476 2971 suscitabo
489 2904 572 2969 tibi?
595 2905 657 2981 Qui
673 2908 728 2981 ait,
745 2902 934 2967 Samuelem.
978 2902 1130 2967 Omnium
1146 2917 1266 2991 tempo-

315 3031 388 3072 rum
403 3030 469 3071 una
483 3019 530 3071 est
544 3006 633 3087 tides,
648 3005 754 3070 Deum
770 3028 849 3084 esse,
865 3005 1065 3091 eundemque
1082 3007 1218 3092 justum,
1232 3022 1264 3073 et

315 3111 447 3185 bonum,
462 3123 493 3174 et
509 3122 775 3173 remuneratorem
791 3111 985 3195 sperantium
1008 3109 1040 3171 iu
1063 3132 1107 3187 se,
1122 3112 1264 3175 omnium

315 3212 407 3298 plene
417 3213 538 3277 meritis
552 3211 808 3298 respondentem,
820 3223 894 3275 ante
909 3211 1022 3297 legem,
1035 3214 1096 3277 sub
1110 3213 1191 3299 lege,
1204 3214 1266 3279 snb

315 3314 431 3399 gratia:
455 3314 572 3377 nemini
584 3326 707 3377 rectum
720 3314 867 3401 sapienti,
879 3314 966 3377 venit
976 3315 1062 3379 istud
1075 3315 1107 3377 in
1119 3315 1262 3379 dubium.

317 3416 390 3481 Siue
419 3417 480 3480 ista
505 3440 597 3480 nemo
624 3439 766 3503 unquam
792 3417 952 3501 ingressus
977 3428 1025 3479 est
1050 3415 1091 3479 ad
1121 3419 1262 3481 salutem.

319 3523 435 3583 Verum
462 3519 520 3603 qui
545 3532 630 3583 errat
656 3517 688 3582 in
715 3518 865 3595 minimis,
890 3517 1045 3603 paulatim
1075 3517 1116 3581 ad
1145 3518 1266 3603 majora

315 3620 504 3707 prolabitur.
551 3622 602 3684 Sic
624 3621 684 3685 iste
705 3624 810 3707 primo
832 3620 1007 3705 negligens,
1024 3618 1139 3685 deinde
1158 3620 1265 3685 inobe-

314 3722 415 3800 diens,
426 3724 630 3808 postmodum
646 3737 829 3804 contumax,
844 3723 959 3787 exinde
972 3723 1163 3800 obstinatus,
1178 3737 1265 3810 post·

314 3845 402 3886 remo
423 3825 465 3887 ad
488 3846 556 3888 eam
582 3823 751 3909 prolapsus
773 3837 822 3887 est
844 3824 1030 3903 caecitatem,
1045 3835 1083 3886 ut
1105 3846 1162 3887 nec
1185 3846 1266 3908 prae-

314 3924 437 3987 dictum
455 3923 625 3987 articulum
640 3924 715 3987 fidei
731 3924 790 3988 sibi
806 3936 910 3989 servet
922 3923 1120 3987 incolumem.
1159 3928 1266 3990 Deum

314 4028 430 4090 etenim
455 4026 582 4109 justum
612 4046 845 4111 usquequaque
872 4046 933 4087 non
959 4024 1107 4101 credidit,
1132 4029 1266 4110 opinans

313 4126 411 4190 etiam
436 4129 470 4189 in
496 4139 620 4191 sanctos
644 4140 718 4211 post
743 4126 866 4189 exitum
893 4129 967 4191 vitae
993 4127 1099 4212 hujus,
1121 4128 1266 4215 malignis

312 4227 479 4313 spiritibus
492 4250 671 4293 concessam
682 4241 883 4314 potestatem.
922 4230 1064 4293 Noverat
1079 4233 1162 4293 enim
1175 4254 1263 4295 sanc-

313 4342 386 4393 tum
415 4330 594 4394 Samuelem
622 4330 810 4416 Pythonicis
839 4353 901 4393 non
928 4330 1162 4415 obtemperasse
1187 4331 1264 4394 dum

357 4452 431 4497 von.
449 4453 499 4497 111.
781 4452 801 4495 n
