3425 5367
461 739 521 798 132
719 751 854 797 ioannis
871 751 1149 797 sanssnnrusnsrs
1273 733 1357 812 [crs.
1374 755 1412 798 11.

459 903 633 981 nit,auctor
642 900 1001 966 coelicontradicerenon
1012 899 1164 966 audebit?
1187 901 1413 988 Interpositam

459 1005 542 1068 inter
551 1005 608 1088 jus
622 1015 655 1068 et
668 1004 852 1090 aequitatem
873 1004 1178 1090 interpretationem,
1193 1003 1252 1067 soli
1274 1005 1412 1091 principi

461 1121 493 1171 et
512 1119 651 1193 oportet,
666 1119 699 1169 et
714 1105 788 1171 licet
803 1105 967 1190 inspicere.
1013 1105 1080 1168 Ubi
1103 1104 1191 1168 aliud
1209 1106 1267 1190 jus
1288 1106 1413 1186 suadet,

459 1208 546 1272 aliud
564 1208 709 1294 aequitas,
724 1229 799 1293 quae
813 1207 846 1269 iu
863 1205 993 1289 publica
1005 1205 1145 1270 utilitate
1160 1220 1316 1284 versatur,
1327 1208 1413 1292 prin-

459 1309 539 1395 cipis
553 1308 726 1395 quaerenda
741 1319 787 1370 est
803 1307 1034 1392 interpretatio,
1046 1329 1121 1392 qnae
1135 1309 1292 1393 generalis
1305 1321 1364 1388 est,
1377 1321 1412 1374 et

459 1408 641 1473 necessaris.
693 1406 758 1474 Ubi
781 1406 822 1470 de
844 1406 974 1491 scripto,
996 1419 1030 1470 et
1050 1406 1207 1470 sententia
1229 1406 1409 1485 dubitatur,

459 1531 547 1574 mens
558 1521 604 1572 est
620 1506 812 1594 inquirenda
822 1507 972 1571 auctoris.
1002 1506 1083 1583 Quis
1097 1529 1174 1590 ergo
1185 1520 1217 1571 te
1231 1507 1408 1571 coelestium

457 1608 532 1673 lecit
552 1609 780 1692 interpretem?
805 1605 914 1682 Unde,
929 1605 1008 1690 quid
1031 1605 1193 1691 expediat,
1207 1606 1314 1670 nosti?
1338 1607 1409 1683 Qua

458 1708 634 1772 temeritate
649 1705 750 1770 aliena
760 1727 868 1792 opera,
880 1704 955 1780 tuis,
966 1705 1031 1767 imo
1043 1703 1105 1767 Dei
1116 1703 1228 1780 stellis,
1237 1705 1409 1770 adscribial

460 1810 570 1872 Teneo
584 1806 666 1871 enim
682 1821 774 1872 tuum
791 1805 871 1868 illud
887 1804 1133 1869 subtilissimum
1147 1819 1383 1890 argumentum,

701 1961 744 2013 Tu
756 1961 800 2028 qni
810 1959 940 2026 flagrante
951 1960 1077 2012 minacem

561 2046 683 2116 Scorpion
694 2046 809 2097 incendis
821 2045 912 2105 cauda,
924 2043 1062 2113 chelasque
1073 2046 1181 2115 peruris,

561 2131 634 2192 Quid
645 2136 747 2182 tantum
760 2130 875 2181 Gradive
886 2130 980 2198 paras?

459 2289 521 2354 Sed
553 2288 708 2353 mendacii
738 2300 840 2375 pater,
866 2290 922 2374 qui
948 2301 980 2353 te
1009 2289 1069 2355 hoo
1094 2290 1204 2357 docuit
1230 2292 1411 2359 coeleatibus

458 2377 713 2484 adscribendum,
730 2388 949 2453 fraudulenter
969 2390 1013 2454 sic
1035 2391 1103 2476 agit
1118 2407 1234 2475 tecum,
1249 2406 1287 2459 ut
1310 2418 1413 2483 quum

458 2492 507 2556 his
528 2495 612 2555 notis
634 2491 816 2577 resperserit
844 2503 1033 2568 creaturam,
1055 2493 1161 2577 ipsum
1189 2507 1344 2559 creaturae
1366 2497 1412 2560 sic

459 2593 591 2658 infamet
620 2605 791 2656 auctorem.
841 2593 1008 2656 Postremo
1040 2593 1195 2658 animulas
1224 2597 1409 2661 miscrorum

459 2692 572 2759 fraude
591 2692 750 2779 deceptas,
766 2691 996 2756 inevitabilium
1016 2694 1165 2758 vaticinio
1179 2695 1363 2761 futurorum
1378 2698 1412 2764 in

458 2794 603 2863 elationis
617 2809 771 2860 tumorem
788 2795 992 2881 suspendere,
1007 2797 1058 2860 vel
1077 2797 1305 2884 desperationis
1318 2800 1412 2886 abys-

460 2919 530 2962 sum
549 2898 759 2983 precipitare,
774 2896 934 2962 dementia
949 2912 1007 2962 est.
1044 2901 1144 2963 Porro
1164 2900 1250 2964 bunc
1269 2900 1410 2965 fructum

460 2998 609 3062 mathesis
624 3020 689 3060 suae
701 2996 868 3080 horoscopi
882 2996 1030 3073 afferunt,
1040 3009 1073 3060 et
1088 2998 1224 3081 planetis
1235 3001 1301 3064 suis
1312 3004 1412 3086 magia

459 3097 593 3172 erronei,
608 3096 684 3159 dum
700 3118 720 3158 a
734 3094 864 3158 scientia
878 3095 1006 3178 pietatis
1026 3097 1218 3177 exorbitant,
1232 3100 1327 3186 longa
1340 3123 1412 3186 per-

461 3209 667 3282 vestigatrone
702 3196 877 3280 signorum,
905 3217 979 3258 cum
1007 3219 1057 3272 eo,
1086 3197 1144 3280 qui
1178 3205 1270 3282 quasi
1300 3201 1413 3266 lucifer

460 3297 636 3364 matutinus
645 3297 817 3371 oriebatur,
831 3294 1028 3360 descendunt
1042 3298 1076 3360 in
1087 3296 1244 3360 infernum
1257 3298 1413 3382 virentes,

459 3397 601 3486 aliosque
616 3389 717 3462 ruinae
731 3421 798 3461 suae
815 3397 985 3482 participes
999 3395 1147 3461 efficiunt.
1182 3396 1244 3460 Sed
1260 3397 1336 3462 dum
1352 3402 1413 3468 tibi

461 3499 536 3562 talia
551 3512 784 3584 proponuntur,
799 3497 848 3560 vel
864 3511 1083 3582 opponuntur,
1099 3496 1177 3581 quid
1192 3497 1289 3562 facis?
1311 3502 1413 3566 Rides

458 3598 619 3683 equidem,
642 3610 674 3661 et
699 3597 792 3661 nimis
817 3597 905 3660 uncis
931 3595 1061 3660 naribus
1085 3596 1246 3683 indulges,
1272 3600 1413 3667 ludibrio

460 3699 580 3762 habens
595 3697 826 3782 simplicitatem
838 3697 924 3778 lidei,
935 3697 1135 3785 recurrisque
1146 3700 1187 3764 ad
1202 3701 1411 3786 providentiae

462 3798 579 3876 sinum,
601 3812 634 3862 et
651 3794 682 3861 te
704 3796 736 3859 in
759 3796 909 3882 abyssum
932 3797 1167 3864 inscrutabilem
1190 3804 1283 3886 quasi
1305 3805 1412 3868 Antus

460 3900 540 3964 alter
557 3911 643 3962 totus
657 3897 828 3981 immergis.
873 3900 992 3962 Lucem
1014 3899 1258 3964 inaccessibilem
1277 3903 1412 3987 posuisti

461 3998 619 4082 refugium
637 4010 741 4076 tuum,
755 4011 787 4059 et
809 3997 883 4060 inde
904 3997 980 4062 fidei
1000 4002 1209 4064 rusticitatem
1230 4001 1412 4086 impugnas,

460 4122 497 4162 ac
519 4098 544 4161 si
566 4100 639 4161 lons
661 4097 801 4162 veritatis
819 4099 1093 4183 propugnaculum
1118 4101 1158 4165 sit
1178 4101 1301 4165 erroris.
1348 4102 1411 4166 Sed

459 4211 538 4278 esto,
553 4210 689 4262 veterem
714 4198 793 4260 hanc
814 4197 1023 4280 providentiae
1042 4200 1202 4284 querelam
1223 4202 1328 4286 sopire
1348 4225 1411 4267 non

455 4320 599 4396 possum,
625 4310 657 4362 et
683 4291 782 4362 nodos
805 4297 947 4362 omnium
975 4300 1179 4383 quaestionem
1204 4287 1325 4382 solvere
1347 4325 1411 4366 non
