3425 5367
452 673 515 733 260
709 688 847 732 Joirxxrs
863 688 1140 732 saansnnnrnssrs
1265 672 1347 750 [mn.
1363 691 1406 736 rr.

455 863 545 904 secus
568 861 669 926 aquas
694 841 770 902 istas
798 839 940 923 positum
966 853 1025 916 est,
1051 862 1114 904 non
1140 842 1263 904 arescit.
1309 843 1408 917 Quod

455 965 532 1006 vero
546 942 595 1006 rel
615 941 770 1006 radicitus
788 963 852 1004 non
872 941 1069 1018 humectant,
1083 941 1281 1018 dissolvitur,
1298 958 1331 1009 et
1347 945 1409 1008 ari·

454 1043 533 1108 dum
555 1045 640 1130 perit
660 1058 813 1129 tanquam
834 1041 954 1128 pulvis,
977 1066 1073 1128 quem
1100 1043 1227 1128 projicit
1251 1057 1366 1109 ventus
1389 1070 1409 1108 a

456 1146 537 1211 facie
551 1159 655 1212 terrae.
700 1147 788 1208 Hinc
807 1145 939 1230 quidem
959 1169 1022 1208 non
1043 1145 1142 1208 duces
1160 1159 1311 1232 exceptos
1327 1149 1410 1211 arbi-

456 1259 537 1324 tror,
550 1269 614 1312 uon
628 1259 787 1332 potentes,
800 1246 879 1330 quia
900 1268 1011 1330 regum
1033 1245 1135 1330 gloria
1150 1247 1409 1326 transferetnr,si
1501 1317 1506 1322 ,

454 1349 578 1434 injusti,
607 1348 765 1433 injuriosi,
791 1347 1021 1422 oontumeliosi‚
1050 1348 1172 1412 inventi
1200 1348 1322 1412 fuerint
1351 1363 1407 1414 ant

454 1449 565 1514 dolosi.
609 1450 657 1514 Os
670 1448 826 1534 siquidem
843 1448 974 1512 Domini
990 1448 1161 1534 loquutum
1176 1463 1236 1514 est.
1277 1451 1407 1514 Verum-

455 1565 561 1617 tamen
582 1551 672 1616 salro
692 1549 856 1614 intellectu
882 1550 1121 1634 sapientiorum,
1147 1573 1210 1613 non
1234 1551 1276 1616 ab
1302 1574 1337 1614 re
1361 1567 1422 1639 est⁸

458 1656 511 1736 (ut
524 1653 652 1741 opinor)
669 1651 758 1740 qnod
777 1651 904 1716 nomina
925 1652 1087 1726 vitiorum,
1109 1651 1270 1716 locutione
1293 1652 1407 1738 plurali

454 1759 615 1842 exposuit,
628 1768 662 1818 et
674 1755 708 1816 in
722 1755 793 1839 ipsa
812 1751 999 1838 pluralitate
1017 1753 1233 1816 diversitatem
1248 1753 1409 1839 quandam

453 1858 630 1945 prudenter
657 1855 802 1920 inseruit.
846 1858 906 1918 Ait
935 1854 1031 1933 euim,
1056 1867 1094 1918 ut
1122 1854 1314 1939 praedictum
1340 1870 1406 1920 est:

453 1958 540 2033 Quia
553 1980 687 2042 regnum
707 1958 749 2020 de
761 1970 858 2041 gente
879 1956 912 2018 in
932 1968 1060 2041 gentem
1076 1955 1299 2033 transferetur,
1314 1979 1409 2042 prop

455 2072 505 2124 ter
525 2058 710 2143 injustitias,
726 2070 758 2121 et
778 2057 925 2142 injurias,
939 2069 972 2120 et
987 2057 1206 2136 contumelias,
1220 2071 1253 2122 et
1267 2057 1408 2122 diversos

452 2157 552 2223 dolos.
596 2157 691 2234 Quod
713 2169 820 2220 autem
846 2155 988 2220 diversos
1009 2159 1042 2222 in
1065 2158 1128 2222 fine
1155 2158 1305 2244 subjecit,
1328 2171 1408 2244 putu

452 2258 663 2324 oommuuiter
690 2256 732 2322 ad
760 2256 868 2320 omnia
902 2257 1115 2334 referendum,
1145 2271 1178 2322 et
1213 2271 1278 2322 tam
1312 2259 1408 2344 pleno

451 2359 695 2446 concipiendum
720 2358 896 2436 intellectu,
920 2373 1040 2424 utnon
1068 2360 1165 2424 modo
1187 2361 1344 2425 referatur
1363 2361 1403 2424 ad

452 2462 594 2527 diversas
615 2464 736 2548 speeies
754 2461 918 2538 vitiorum,
942 2460 995 2524 sed
1019 2481 1051 2526 et
1072 2465 1175 2526 varias
1196 2462 1316 2548 figuras
1337 2485 1409 2548 per·

453 2587 601 2630 sonarum
627 2562 867 2649 complectatur,
896 2574 929 2626 et
959 2562 1071 2626 modos
1098 2586 1218 2642 omnes,
1244 2563 1364 2649 quibus
1388 2587 1408 2627 a

453 2689 646 2754 quocunque
665 2666 734 2731 baec
754 2664 833 2728 vitia
851 2664 1105 2730 committuntur.
1151 2666 1303 2751 Princeps
1324 2665 1405 2729 enim

452 2781 580 2834 tenetur
601 2769 642 2832 de
663 2768 822 2842 omnibus,
837 2785 870 2831 et
885 2766 1027 2831 omnium
1048 2781 1160 2832 auctor
1182 2789 1251 2830 esse
1267 2767 1406 2846 videtur,

452 2870 530 2956 quia
543 2893 645 2955 quum
660 2869 766 2932 omnia
780 2869 880 2954 possit
895 2870 1064 2952 corrigere,
1080 2892 1189 2932 eorum
1205 2871 1320 2934 merito
1334 2893 1406 2956 par·

450 2972 551 3055 ticeps
565 2984 624 3046 est,
636 2994 711 3056 quar
723 2970 827 3034 noluit
838 2971 1014 3034 emendare.
1048 2973 1155 3048 Quum
1169 2973 1251 3035 enim
1265 2987 1407 3058 potestas

452 3071 582 3158 publica
603 3071 656 3150 sit,
675 3084 713 3134 ut
735 3071 955 3155 proediximuS,
976 3073 1118 3137 omnium
1142 3073 1223 3138 vires
1245 3075 1405 3151 exhaurit,

451 3186 484 3240 et
498 3197 538 3236 ne
552 3175 585 3236 iu
600 3196 634 3238 se
648 3172 787 3248 deficiat,
798 3172 1049 3238 incolumitatem
1066 3175 1207 3238 omnium
1224 3175 1318 3238 debet
1333 3197 1405 3259 pro-

450 3300 563 3342 curare
583 3275 806 3342 membrorum.
851 3277 938 3353 Quot
960 3291 1068 3340 autem
1083 3277 1116 3340 iu
1132 3276 1406 3340 administratione

450 3381 647 3467 principatus
660 3391 771 3444 extant
786 3377 899 3458 officia,
913 3391 961 3444 tot
977 3392 1050 3442 sunt
1067 3378 1250 3464 principalis
1264 3378 1406 3463 corporis

450 3481 708 3566 quasimembra.
754 3483 841 3544 Dum
865 3493 971 3544 autem
995 3479 1193 3566 singulorum
1210 3479 1313 3542 officia
1327 3479 1407 3542 inte-

448 3579 566 3664 gritate
595 3578 740 3653 virtutis,
769 3591 801 3640 et
838 3579 996 3644 suavitate
1032 3581 1191 3666 opinionis
1228 3594 1405 3658 conservat,

449 3681 609 3766 quandam
625 3679 716 3766 quasi
739 3680 889 3744 membris
905 3682 1072 3746 sanitatem
1098 3695 1250 3768 procurat
1266 3696 1297 3746 et
1313 3682 1406 3746 deco-

446 3805 523 3847 rem.
573 3785 682 3856 Quum
700 3803 775 3843 vero
796 3802 837 3842 ex
857 3781 1051 3865 negligentia
1073 3797 1128 3848 aut
1151 3783 1403 3846 dissimulatione

447 3884 614 3970 potestatis
633 3883 716 3946 circa
737 3880 849 3956 officia,
872 3882 912 3946 sit
936 3883 1061 3949 virtutis
1083 3899 1138 3949 aut
1161 3886 1255 3948 famae
1278 3883 1405 3968 dispen-

446 3984 547 4059 dium,
563 3985 654 4066 quasi
670 3984 703 4046 in
719 3983 862 4046 membra
883 3985 962 4069 ejus,
980 3985 1082 4050 morbi
1097 3999 1129 4050 et
1146 3985 1279 4050 maculae
1299 3985 1407 4050 incur-

446 4099 531 4150 runt.
590 4090 657 4149 Nec
687 4084 743 4148 diu
778 4086 922 4151 subsistit
953 4087 1156 4154 incolumitas
1192 4088 1316 4174 capitis,
1346 4088 1402 4152 ubi

445 4189 579 4272 languor
595 4185 809 4250 membrorum
825 4187 999 4250 invalescit.
