3425 5367
477 736 540 793 292
737 750 872 795 romnus
889 748 1168 795 sanaseunrausrs
1294 740 1376 813 [nra.
1394 754 1424 797 v.

474 902 560 989 quod
574 900 690 965 litteroe
710 901 779 986 ejus
800 901 997 986 antigraphae
1019 900 1200 966 ostendunt.
1246 902 1285 966 ln
1308 903 1426 989 quibus

473 1026 574 1090 quum
588 1002 709 1089 aliquid
733 1024 896 1089 nunquam
919 1003 1061 1068 futurum
1076 1004 1238 1081 credebat,
1253 1004 1335 1069 illud
1356 1004 1424 1069 lora

471 1104 600 1169 dicebat
623 1104 664 1169 ad
696 1104 859 1169 Kalendas
888 1110 1027 1171 Graecas.
1090 1105 1292 1171 Masinissam
1323 1130 1423 1171 nona-

470 1204 627 1290 gesimum
644 1204 747 1269 oetatis
760 1228 881 1269 annum
897 1217 1057 1289 agentem,
1072 1207 1206 1273 meridie
1221 1222 1296 1273 ante
1315 1209 1422 1273 taber·

470 1307 621 1372 naculum
647 1318 794 1387 stantem,
817 1309 869 1372 vel
895 1308 1125 1388 ambulantem,
1150 1332 1264 1396 capara
1290 1310 1417 1375 solitum

469 1410 556 1473 cibos
571 1408 715 1493 legimus.
761 1412 798 1474 C.
816 1409 933 1473 Curius
948 1432 1047 1495 quum
1063 1410 1154 1475 victis
1168 1412 1210 1476 ab
1225 1434 1264 1476 eo
1281 1413 1418 1487 Sabinis,

467 1533 507 1575 ex
525 1512 660 1575 Senatus
676 1508 819 1573 consulto
833 1508 1039 1594 ampliaretur
1053 1510 1083 1574 ei
1099 1511 1212 1576 modus
1227 1512 1304 1597 agri,
1320 1536 1418 1599 quem

467 1611 677 1679 consummati
699 1612 816 1675 milites
837 1610 1048 1696 accipiebant,
1070 1612 1246 1697 gregalium
1273 1615 1418 1700 portione

466 1727 634 1781 contentus
658 1712 728 1788 fuit,
752 1712 872 1776 malum
896 1713 998 1775 ciram
1024 1712 1143 1789 dicans,
1167 1714 1219 1778 cui
1245 1737 1308 1779 non
1335 1731 1419 1780 esset

464 1820 562 1894 idem,
578 1816 663 1903 quod
679 1814 812 1889 caeteris,
828 1812 912 1879 satis.
952 1812 1101 1879 Universi
1116 1836 1244 1902 quoque
1259 1817 1416 1881 exercitus

465 1942 550 2006 saepe
565 1916 713 1982 notabilis
727 1915 788 1979 fuit
801 1914 1007 1991 continentia,
1023 1914 1105 1979 sicut
1119 1916 1189 2001 ejus
1209 1916 1264 2004 qui
1287 1918 1347 1983 sub
1365 1918 1413 1983 M.

466 2025 586 2087 Scauro
611 2018 768 2101 insignem
796 2016 937 2100 gloriam·
957 2017 1083 2084 meruit.
1135 2018 1219 2082 Nam
1249 2020 1412 2085 mamoriae

462 2120 593 2187 tradidit
609 2121 746 2184 Scaurus
761 2116 989 2181 continentiam
1002 2118 1190 2183 militarem:
1214 2121 1412 2205 pomiferam,

461 2223 575 2311 inquit,
606 2222 763 2301 arborem,
791 2241 889 2305 quam
919 2219 952 2283 in
988 2220 1070 2304 pede
1105 2233 1279 2286 castrorum
1309 2224 1413 2289 luerat

461 2323 627 2410 complexa
641 2320 784 2397 metatio,
800 2332 960 2404 postremo
974 2320 1027 2384 die
1050 2322 1291 2388 concinentibus
1306 2347 1412 2391 aenea-

460 2429 592 2506 toribus,
607 2438 641 2491 at
662 2423 855 2489 abeuntibus
877 2423 979 2500 nobis,
997 2424 1124 2488 intactis
1145 2425 1300 2491 fructibus
1321 2450 1409 2493 exer·

460 2533 541 2597 citus
576 2528 705 2615 reliquit
740 2526 934 2591 indemnem.
997 2526 1158 2612 Auspiciis
1192 2550 1268 2613 ergo
1304 2531 1409 2616 Impe-

460 2630 582 2697 ratoriis
598 2627 733 2695 Caesaris
747 2625 925 2691 Domitiani
945 2626 1080 2709 Augusti
1097 2627 1290 2694 Germanico
1313 2630 1407 2709 bello,

458 2735 545 2823 quod
572 2732 677 2799 Julius
706 2729 817 2796 Civilis
844 2728 879 2792 in
910 2727 1017 2792 Gallia
1043 2744 1195 2808 moverat,
1227 2734 1407 2818 Lingonum

457 2834 697 2925 opulentissima
725 2832 844 2906 civitas,
874 2852 948 2917 quae
984 2832 1025 2894 ad
1056 2831 1192 2897 Civilem
1222 2835 1407 2914 desciverat,

457 2963 557 3027 quum
573 2936 796 3002 advenientem
812 2934 853 2998 ab
868 2933 1010 2998 exercitu
1023 2935 1158 3000 Caesaris
1169 2938 1406 3021 populationem

455 3044 594 3115 timeret,
610 3038 697 3123 quod
721 3049 837 3119 praeter
860 3057 950 3119 spem
973 3035 1133 3115 inviolata,
1148 3038 1227 3109 nihil
1250 3062 1289 3103 ex
1311 3042 1407 3106 rebus

454 3142 518 3207 auis
548 3140 706 3213 amiserat,
737 3138 779 3201 ad
812 3137 1001 3223 obsequium
1037 3138 1175 3216 redacta,
1205 3144 1406 3228 septuaginta

453 3245 554 3311 millia
568 3255 761 3309 armatorum
776 3241 908 3306 tradidit
924 3242 1011 3306 mihi.
1057 3242 1201 3309 Lucilius
1227 3246 1405 3313 Mummius

453 3351 508 3438 qui
536 3348 691 3416 Corintho
715 3358 809 3432 capta
834 3368 898 3409 non
926 3344 1051 3409 ltaliam
1082 3345 1195 3423 solum,
1221 3348 1276 3411 sad
1305 3349 1403 3414 etiam

451 3438 646 3536 provinciam
672 3445 790 3511 tabulis
814 3444 989 3529 statuisque
1015 3445 1188 3523 exornavit,
1212 3446 1292 3510 adeo
1322 3448 1403 3513 nihil

452 3574 491 3614 ex
507 3548 665 3612 manubiis
680 3548 776 3611 tantis
791 3546 824 3609 in
839 3567 933 3608 suum
953 3546 1109 3610 convertit
1131 3569 1234 3623 usum,
1252 3561 1288 3613 ut
1302 3550 1401 3615 filiam

451 3651 520 3734 ejus
531 3648 659 3733 inopem
673 3649 809 3711 Senatus
819 3667 859 3709 ex
870 3646 999 3731 publico
1010 3648 1174 3717 dotaverit.
1216 3651 1402 3717 Constantia

451 3774 579 3841 quoque
601 3773 701 3838 quum
717 3750 915 3835 expluribus
937 3753 1214 3838 strategematibus
1236 3767 1353 3840 pateat,
1368 3756 1401 3819 in

449 3856 566 3921 virtute
595 3854 812 3918 Romanorum
840 3852 979 3916 maxima
1005 3855 1113 3920 claret.
1161 3855 1280 3919 Eorum
1304 3858 1402 3944 siqui·
1503 3942 1507 3955 ι

448 3960 524 4023 dem
552 3954 791 4042 magnificentia
818 3967 852 4018 et
877 3955 1004 4032 virtute,
1031 3956 1057 4019 si
1084 3957 1227 4019 omnium
1253 3959 1399 4041 gentium

447 4060 587 4125 historiae
617 4058 827 4139 revolvantur,
852 4058 930 4121 nihil
960 4057 1074 4122 clarius
1103 4057 1200 4120 lucet.
1247 4058 1400 4127 Declarat

448 4163 509 4227 hoc
528 4160 713 4246 amplissimi
728 4159 878 4245 splendor
902 4158 1042 4244 Imperii,
1057 4181 1121 4246 quo
1145 4157 1269 4224 nullum
1295 4165 1399 4249 majus

448 4268 490 4331 ab
515 4264 655 4341 exordio,
685 4284 790 4349 neque
818 4260 991 4346 majoribus
1018 4260 1224 4327 incrementis
1253 4285 1401 4350 processu

448 4368 598 4434 continuo
623 4366 801 4441 dilatatum,
826 4363 966 4427 humana
989 4377 1093 4449 potest
1116 4366 1272 4431 memoria
1295 4388 1399 4431 recor·
