3425 5367
332 743 402 789 ιιι).
423 725 488 805 1v.]
718 741 972 788 ronvcnavrcus.
1233 731 1295 790 169

329 893 476 978 subjiciat
490 891 645 959 servituti.
694 892 893 958 Histrionem
915 913 984 957 esse
998 891 1049 958 vel
1069 891 1218 974 mimum,
1234 893 1287 957 in-

329 996 458 1060 famiam
473 995 590 1080 ingerit
604 995 662 1074 his,
674 1018 754 1083 quos
769 1019 788 1060 a
799 1006 900 1060 tantae
913 995 1101 1080 abjectionis
1114 995 1287 1082 opprobrio

328 1110 451 1162 naturae
465 1098 516 1162 vel
531 1121 677 1186 personae
691 1098 830 1183 dignitas
840 1097 969 1162 videtur
982 1097 1154 1184 excepisse.
1185 1103 1288 1164 Porro

327 1200 382 1287 qui
393 1200 518 1266 vultum
530 1201 636 1266 induit
647 1200 800 1278 alienum,
810 1211 845 1265 et
855 1200 957 1265 varias
967 1197 1140 1265 affectuum
1149 1201 1287 1266 alternat

328 1303 434 1380 facies,
449 1303 665 1368 incolumitati
680 1325 832 1369 sensuum
846 1302 976 1368 iusidias
990 1315 1092 1390 parat,
1105 1316 1140 1369 et

398 1437 524 1490 Sardibus
536 1436 658 1490 auriculis
670 1437 763 1491 alienis
774 1437 877 1506 colligit
887 1454 978 1502 cacas3

328 1567 362 1622 et
387 1561 414 1623 si
439 1557 626 1622 histrionem
654 1557 752 1622 verbo
778 1555 960 1634 diffiteatur,
987 1579 1063 1621 eum
1088 1557 1230 1622 moribus
1254 1569 1288 1622 et

329 1659 528 1746 turpitudine
551 1659 730 1725 confitetur.
783 1659 883 1734 Quod
903 1659 1105 1724 assentatoris
1125 1659 1288 1745 proprium

329 1761 454 1848 estqui
476 1761 517 1826 ad
539 1760 671 1826 alterius
694 1760 771 1825 vivit
797 1773 924 1838 nutum,
940 1772 975 1825 et
997 1773 1170 1848 autequam
1195 1784 1288 1826 suum

328 1863 470 1951 proferat
493 1863 665 1950 judicium,
695 1862 736 1927 de
771 1861 905 1947 singulis
938 1874 1102 1948 exspectat
1136 1862 1288 1927 alienum.

332 1967 498 2033 Caeterum
513 1966 619 2054 palpo,
636 1965 692 2053 qui
706 1976 816 2031 tamen
831 1965 1036 2030 assentatoris
1051 1965 1102 2030 vel
1116 1965 1289 2030 adulatoris

329 2081 478 2135 censetur
497 2069 638 2150 nomine,
653 2068 806 2156 quoniam
824 2069 939 2133 eadem
956 2091 1007 2133 res
1027 2067 1139 2134 multis
1160 2080 1289 2134 notatur

330 2171 465 2256 indiciis,
480 2172 647 2239 hominum
669 2171 787 2236 mentis
808 2171 964 2258 explorat,
982 2182 1154 2259 proetentat
1174 2171 1288 2237 volun·

330 2285 439 2354 tatem,
467 2285 504 2340 ut
533 2274 585 2340 cui
614 2273 661 2339 rei
690 2273 826 2340 volueris
854 2296 966 2339 sensus
993 2275 1224 2352 accommodet,
1250 2285 1288 2340 ut

328 2377 463 2463 gratiam
478 2377 574 2458 illius,
588 2397 662 2442 curn
679 2399 743 2464 quo
762 2376 879 2462 agitur,
893 2376 1114 2442 fraudulenter
1126 2377 1287 2464 surripiat.

331 2479 430 2545 Novit
443 2479 530 2543 enim
546 2479 587 2543 de
602 2501 757 2544 concursu
779 2500 931 2543 sensuum
946 2489 981 2543 et
997 2479 1199 2546 voluntatum
1214 2480 1287 2544 uni·

329 2605 402 2661 one,
417 2581 508 2669 quasi
522 2581 640 2646 rivulos
655 2581 804 2647 amicitiae
820 2581 983 2649 scaturire.
1020 2583 1114 2647 Idem
1128 2583 1286 2670 siquidem

331 2685 413 2750 velle
437 2699 471 2750 et
495 2685 591 2763 nolle,
619 2687 670 2769 (ut
695 2685 740 2750 ait
765 2684 949 2769 historicus)
973 2707 1012 2751 ea
1036 2686 1170 2752 demum
1193 2687 1287 2752 firma

332 2787 473 2854 amicitia
487 2798 545 2853 est.
591 2785 753 2862 Quidni?

403 2924 559 2978 Consentire
570 2924 625 2977 suia
636 2923 730 2976 studiis
741 2924 785 2992 qui
796 2923 936 2977 crediderit
946 2929 984 2988 tc,

402 3010 500 3062 Fautor
511 3014 619 3080 unoque
631 3014 705 3062 tuum
715 3008 832 3062 laudabit
843 3009 936 3082 pollice
946 3009 1045 3063 ludum.

336 3129 446 3204 Quum
475 3150 550 3194 vero
570 3127 773 3216 praesenserit
798 3127 1008 3208 voluntatem,
1030 3128 1076 3194 sic
1099 3129 1218 3217 palpat,
1241 3129 1288 3196 sic

331 3230 504 3310 demulcet,
520 3242 609 3296 tanta
630 3231 792 3298 suavitatis
814 3232 967 3318 perungit
986 3231 1100 3317 gratia,
1120 3244 1157 3298 ut
1177 3233 1286 3299 virtuti

331 3332 490 3398 somnium
519 3319 662 3414 inducat,
683 3343 718 3397 et
739 3345 840 3398 totam
865 3333 1103 3411 moderationis,
1129 3334 1198 3398 sine
1223 3355 1289 3422 qua

331 3459 495 3525 nunquam
512 3447 598 3503 recte
613 3436 740 3516 vivitur,
750 3437 887 3502 sormam
905 3436 1031 3502 Lethaei
1045 3435 1187 3502 fluminis
1202 3436 1289 3502 insu·

333 3539 420 3604 sione
438 3541 613 3606 subvertat.
660 3538 798 3626 Magnas
819 3538 938 3625 gratias
956 3560 1052 3624 agere
1068 3538 1168 3604 Thais
1186 3539 1290 3605 mihi?

334 3641 500 3708 Jucundus
523 3653 572 3708 est
593 3642 679 3707 eninr
704 3641 866 3720 Comicus,
888 3653 923 3707 et
945 3653 1039 3728 aptus
1057 3641 1113 3730 qui
1136 3663 1171 3708 se
1193 3643 1289 3730 nugis

333 3743 641 3832 nostrisfrequeuter
653 3744 841 3823 immisceat,
856 3745 1019 3831 lugentes,
1030 3744 1146 3833 inquit
1170 3746 1291 3814 Fuerat

334 3846 464 3934 quidem
480 3847 555 3913 satis
569 3847 595 3912 si
611 3869 743 3934 magnas
754 3847 977 3934 respondisset
1009 3847 1075 3912 Sed
1088 3847 1164 3934 quia
1178 3848 1289 3914 adulor

333 3953 409 4016 toris
430 3950 515 4016 iraus
529 3950 639 4018 omnia
656 3951 782 4017 extollit
800 3950 833 4014 in
848 3950 964 4035 majus,
979 3960 1014 4014 et
1033 3948 1076 4014 de
1090 3971 1149 4015 suo
1168 3949 1290 4037 aliquid

332 4053 443 4141 adjicit
467 4054 555 4120 unde
580 4053 640 4118 sibi
664 4051 801 4138 gratiam
825 4050 980 4128 cumulet,
1001 4049 1149 4136 ingentes
1173 4049 1289 4142 inquit.

336 4157 403 4222 Sed
418 4179 477 4222 nec
491 4154 883 4240 mandacium-erubescit.
925 4153 993 4230 Qui
1007 4153 1095 4220 enim
1109 4153 1170 4220 sibi
1185 4156 1291 4244 potuit

334 4257 537 4342 persuadere,
554 4269 591 4322 ut
605 4253 804 4322 honestatem
816 4255 955 4322 hominis
968 4268 1069 4322 tantae
1084 4257 1291 4344 turpitudinis

336 4358 462 4424 macula
476 4359 676 4425 decoloraret
697 4378 889 4443 quacunque
907 4359 949 4424 dc
968 4381 1074 4436 mura,
1089 4359 1201 4446 utiquc
1218 4379 1292 4446 pcr-
