3425 5367
428 710 490 768 188
685 721 823 766 rosuurs
837 721 1116 766 saunsnnarnusrs
1232 706 1314 786 [rra.
1331 724 1383 770 111.

426 875 543 939 danam
557 895 632 938 cum
647 895 667 937 ο
683 875 760 957 equi
775 874 914 958 desuper
928 872 1043 947 adstat,
1060 883 1095 936 ut
1114 875 1261 940 homines
1276 883 1382 940 actus·

427 974 1255 1059 queeorum,etvoluntatesindesinenterprospiciat.
1271 978 1381 1049 Quum

426 1076 513 1139 enim
536 1097 646 1139 omnes
668 1086 840 1140 exerceant
861 1075 1060 1149 histrionem,
1082 1075 1222 1159 aliquem
1248 1097 1381 1140 necesse

427 1187 569 1240 estesse
592 1185 815 1260 spectatorem.
862 1175 933 1238 Nec
955 1184 1105 1258 queratur
1125 1177 1254 1258 aliquis,
1276 1187 1383 1240 motus

428 1299 503 1340 suos
523 1279 564 1340 ab
586 1277 695 1360 aliquo
717 1297 783 1338 non
801 1273 913 1352 videri,
931 1295 1030 1358 quum
1057 1275 1092 1338 in
1118 1285 1293 1359 conspectu
1320 1277 1384 1340 Dei

429 1386 514 1460 agat,
535 1378 787 1460 angelorumque
808 1375 888 1460 ajon,
914 1395 1155 1459 paucorumque
1182 1377 1384 1460 sapientium,

430 1478 490 1562 qui
506 1488 539 1541 et
557 1478 621 1561 ipsi
640 1477 942 1564 ludorumistorum
964 1475 1166 1540 Circensium
1188 1487 1383 1559 spectatores

430 1587 513 1642 sunt
557 1580 739 1642 Embescat
757 1579 876 1662 potius,
896 1578 921 1640 si
943 1576 1015 1660 quis
1037 1576 1070 1638 in
1094 1587 1182 1640 tanta
1199 1580 1273 1641 luce
1292 1577 1382 1643 inde·

430 1690 539 1744 center
562 1689 737 1758 moveatur,
760 1687 793 1742 et
818 1700 852 1742 se
877 1688 978 1741 totum
1000 1677 1228 1741 exercitatione
1254 1678 1383 1743 mimica

433 1780 630 1844 devenustet.

433 2092 513 2175 Cap.
532 2095 582 2152 10.
607 2088 702 2156 Quod
724 2086 788 2149 cibi
806 2107 954 2169 persona
980 2097 1189 2169 coaptaretur,
1212 2099 1244 2154 et
1269 2091 1383 2171 depre-

476 2193 611 2253 ciantur
630 2188 828 2250 dissociato:
854 2195 886 2250 et
908 2188 948 2250 de
971 2187 1157 2271 Cleopatra,
1177 2191 1334 2272 Aapastq
1353 2201 1386 2256 et

478 2293 648 2372 Scipione:
669 2297 701 2352 et
724 2289 809 2373 qaod
830 2289 973 2351 Romani
993 2292 1136 2354 vanitati
1158 2293 1263 2356 dediti
1284 2303 1383 2364 suot,-

477 2401 510 2456 et
524 2394 654 2476 quierit
668 2391 967 2470 adulatorioeficia.

479 2567 658 2632 Caranum
679 2565 713 2627 in
738 2565 801 2627 hoc
825 2564 961 2628 fortunae
983 2567 1134 2645 ludibrio,
1156 2590 1302 2652 personae
1325 2569 1387 2633 sibi

435 2671 574 2734 invicem
597 2676 795 2751 coaptantur,
810 2676 844 2729 et
859 2667 886 2729 si
901 2668 1088 2733 altrinsecus
1105 2670 1274 2748 divertant,
1289 2672 1386 2734 totius

435 2781 528 2836 actus
553 2771 652 2834 iacies
677 2769 870 2847 immutatur,
890 2779 925 2832 ut
946 2770 974 2832 si
996 2771 1181 2855 Glycerium
1204 2773 1309 2848 tollas,
1331 2781 1387 2836 aut

435 2873 650 2956 Pamphilum.
695 2870 828 2932 Sublato
847 2870 934 2932 euim
949 2872 1110 2950 alterutro,
1125 2893 1242 2936 nomen
1259 2873 1386 2937 alterius

436 2975 530 3057 perit,
545 2982 577 3036 et
592 2973 619 3034 si
634 2993 708 3035 cum
723 2971 904 3034 amantibus
924 2973 1137 3055 suspiciosum
1158 2976 1252 3038 tollas
1266 2995 1387 3049 serrem,

436 3074 545 3136 nullus
560 3081 618 3148 est,
628 3081 683 3133 aut
696 3070 820 3133 inutilis
835 3071 966 3132 omnino
979 3071 1099 3136 Davus.
1130 3075 1220 3138 Hinc
1236 3088 1283 3140 est
1296 3076 1389 3152 illud,

892 3201 1107 3256 Fortisinarmir

543 3287 672 3341 Caesareis
684 3286 817 3340 Labienus
828 3292 893 3351 erat,
906 3305 983 3353 nunc,
995 3289 1131 3358 transfuga
1142 3291 1209 3355 vilis,

545 3374 613 3428 Cum
625 3375 690 3428 duce
701 3376 811 3447 privato,
822 3381 905 3428 terras
917 3380 996 3444 atque
1006 3391 1110 3442 aequora
1121 3375 1221 3426 lustrat.

440 3501 475 3564 Si
498 3499 583 3561 enim
604 3517 766 3579 personas,
786 3517 858 3576 quae
879 3495 939 3556 sibi
960 3503 1175 3567 assueverunt,
1195 3494 1321 3580 sibique
1342 3499 1388 3562 fa·

439 3599 540 3674 ciunt,
559 3597 723 3659 decretum
746 3595 879 3656 fortunae
902 3593 1064 3672 dissociet,
1088 3595 1125 3659 lit
1145 3597 1334 3683 plerumque
1354 3612 1391 3664 ut

439 3708 573 3780 utraque
584 3695 625 3758 ad
636 3696 743 3758 omnia
757 3693 883 3775 agenda
896 3715 955 3758 sua
965 3694 1109 3760 videatur
1122 3697 1242 3780 inepta,
1251 3710 1284 3764 et
1298 3702 1391 3782 quasi
1404 3721 1406 3726 ·

440 3800 575 3863 exclusa
588 3797 709 3860 ratione
725 3794 821 3858 officii
837 3793 1046 3877 depreciatur.
1086 3799 1201 3864 Fracta
1216 3812 1289 3864 sunt
1302 3801 1390 3864 leno-

441 3901 527 3965 cinia
552 3899 744 3981 Cleopatrae,
770 3919 812 3960 ex
838 3919 903 3980 quo
933 3919 993 3962 nec
1021 3900 1144 3964 Julium
1170 3903 1301 3978 invenit,
1328 3925 1389 3968 nec

441 4001 626 4064 Antonium.
672 3998 835 4082 Equidem
852 3997 939 4063 orbis
954 4000 1105 4064 victorem
1123 4004 1282 4068 Caesarem
1297 4002 1390 4068 donis

442 4103 543 4180 flexit,
568 4110 601 4163 et
624 4100 734 4164 invicti
761 4100 820 4163 viri
845 4102 1094 4185 insuperabilem
1124 4105 1265 4168 animum
1291 4126 1392 4169 mere·

442 4203 553 4266 tricius
579 4202 676 4265 decor
702 4210 735 4264 et
759 4205 928 4285 prostituta
959 4205 1056 4268 iacies
1082 4207 1249 4289 superavit.
1296 4206 1392 4271 Unde

442 4304 595 4369 lenocinii
611 4303 680 4387 ejus
696 4302 933 4366 solicitudinem
951 4316 1047 4386 poeta
1062 4305 1257 4392 exprimens,
1273 4306 1393 4390 adjicit,
