3425 5367
429 746 495 806 ‘282
697 754 832 801 roanms
848 752 1128 797 saansnamnnms
1260 736 1343 816 [ma.
1358 756 1386 801 v.

433 924 515 984 tum,
531 920 564 973 et
576 905 770 973 Plutarchus
784 905 816 967 in
832 918 944 969 octavo
960 903 1212 969 memorabilium
1229 903 1328 970 dicit:
1355 906 1387 968 Si

432 1033 529 1097 super
538 1010 666 1096 palmae,
677 1004 965 1093 inquiunt,arboris
974 1004 1109 1091 lignum,
1121 1028 1236 1091 magna
1246 1006 1387 1092 pondera

433 1112 589 1195 imponas,
618 1131 655 1173 ac
682 1119 807 1172 tantum
836 1106 976 1191 graviter
1003 1129 1127 1191 urgeas,
1155 1120 1187 1171 et
1211 1130 1331 1187 oneres,
1354 1120 1390 1172 ut

434 1210 624 1297 magnitudo
635 1208 739 1273 oneris
748 1207 897 1273 sustineri
907 1218 1057 1292 nequeat,
1068 1208 1388 1283 nondeorsumcedit,

436 1336 494 1377 nec
509 1311 541 1375 in
558 1324 674 1377 terram
690 1308 841 1385 flectitur,
857 1308 911 1371 sed
933 1307 1085 1373 adversus
1100 1309 1227 1395 pondus
1242 1310 1390 1395 resurgit,

435 1426 468 1478 et
484 1434 609 1477 sursum
625 1414 750 1484 nititur,
773 1422 1036 1496 recurvaturque.
1085 1412 1268 1497 Propterea,
1284 1412 1390 1498 inquit

440 1514 646 1590 Plutarchus,
661 1512 781 1597 placuit
804 1511 941 1597 palmam
965 1512 1091 1598 signum
1115 1532 1187 1576 esse
1204 1513 1344 1578 victoriae
1359 1518 1391 1578 in

438 1614 676 1691 certaminibus,
690 1614 841 1699 quoniam
857 1610 937 1698 ligni
952 1614 1114 1699 ingenium
1135 1614 1318 1700 hujusmodi
1334 1628 1393 1695 est,

440 1736 478 1785 ut
493 1717 684 1803 urgentibus
702 1715 1022 1802 opprimentibusque
1044 1738 1106 1779 non
1126 1716 1229 1780 cedat.
1276 1718 1394 1781 Fertur

439 1823 517 1887 item
532 1818 621 1906 quod
632 1840 740 1882 ramus
754 1816 957 1903 ejuspalmae,
970 1839 1044 1902 quae
1059 1817 1300 1881 Graecedicitur
1312 1818 1395 1881 basi·
1493 1831 1496 1839 ·

440 1923 534 1999 leros,
551 1921 645 1985 avelli
667 1940 730 1983 non
752 1931 869 2005 potest,
891 1920 917 1982 si
940 1919 1087 1983 trabatur
1109 1919 1269 1994 deorsum,
1287 1920 1342 1985 sed
1367 1920 1391 1984 si

441 2044 564 2089 sursum
580 2020 739 2106 producas
753 2018 848 2083 cedit.
893 2021 1028 2085 Constat
1043 2032 1151 2084 autem
1169 2022 1245 2106 quia
1262 2034 1394 2086 truncus

441 2123 567 2208 palmae,
581 2122 630 2187 vel
645 2122 745 2207 stipes
756 2144 776 2184 a
790 2120 896 2184 radice
911 2120 1123 2197 contrahitur,
1138 2123 1192 2187 sed
1208 2123 1241 2186 in
1256 2124 1396 2209 superio·

441 2226 532 2290 ribus
553 2225 717 2289 dilatatur.
763 2224 861 2287 Secus
882 2234 990 2287 autem
1014 2236 1063 2287 est
1084 2226 1116 2287 in
1139 2226 1253 2310 quavis
1275 2226 1397 2307 arbore,

442 2350 517 2414 quae
539 2339 630 2391 tanto
661 2326 763 2411 magis
784 2325 951 2410 turgescit,
974 2324 1062 2411 quod
1093 2326 1134 2389 ad
1158 2340 1272 2389 terram
1300 2328 1397 2413 stipes

443 2430 578 2494 vicinius
592 2428 724 2493 accedit.
770 2430 832 2491 Per
845 2432 982 2514 palmam
999 2450 1078 2514 ergo
1096 2428 1292 2513 significatur
1303 2430 1398 2515 justi-

443 2532 490 2597 tia
502 2530 702 2607 invincibilis,
719 2553 793 2616 quae
815 2530 1001 2595 descensum
1016 2552 1079 2595 non
1100 2530 1202 2607 novit,
1225 2530 1280 2593 sed
1296 2530 1396 2594 solum

445 2634 488 2698 ad
510 2633 673 2720 superiora
694 2648 887 2719 processum.
933 2632 1029 2698 Unde
1039 2632 1148 2718 justus
1169 2643 1206 2696 ut
1222 2634 1328 2717 palma
1342 2632 1397 2696 flo-

446 2736 540 2801 rebit.
562 2735 672 2801 Radix
684 2758 754 2799 mea
762 2749 874 2822 aperta
884 2746 932 2797 est
948 2756 1036 2799 secus
1046 2756 1157 2819 aquas,
1168 2734 1399 2819 scripturarum

446 2836 559 2922 utique
580 2848 613 2899 et
628 2835 798 2912 virtutum,
821 2834 862 2898 de
877 2834 996 2920 quibus
1018 2856 1125 2919 supra,
1141 2850 1173 2899 et
1195 2856 1259 2915 ros,
1281 2835 1399 2899 scilicet

444 2940 569 3021 gratia,
581 2935 759 3000 morabitur
768 2935 800 2999 in
812 2938 968 3000 messione
979 2956 1058 2998 mea.
1083 2935 1231 3021 Intellige
1242 2936 1398 3000 bonorum

446 3056 591 3119 operum,
607 3056 744 3118 quorum
759 3033 938 3119 manipulos
952 3033 1059 3099 electis
1074 3046 1206 3121 reponet
1221 3037 1308 3123 apud
1321 3060 1353 3101 se
1368 3036 1400 3101 in

447 3134 503 3198 illa
524 3135 575 3197 dic
593 3136 703 3219 justus
726 3135 840 3222 judex.
886 3135 982 3200 Unde
1005 3138 1172 3221 sequitur:
1198 3138 1310 3205 Gloria
1331 3160 1401 3203 mea

449 3258 572 3322 semper
585 3236 802 3315 innovabitur,
816 3247 850 3300 et
864 3258 956 3303 arcus
971 3260 1060 3304 meus
1069 3239 1309 3319 instaurabitur,
1324 3240 1402 3327 quia

592 3370 644 3424 Eat
655 3369 754 3441 aliquid
765 3388 816 3441 qno
827 3372 922 3438 tendit,
936 3377 963 3425 et
974 3373 1001 3425 in
1013 3390 1064 3441 quo
1076 3374 1166 3443 dirigit
1177 3393 1263 3429 arcum

446 3474 568 3560 justus,

603 3590 663 3643 Nec
674 3592 772 3660 passim
782 3592 898 3659 sequitur
909 3610 996 3645 corvos
1008 3599 1127 3665 testaque
1136 3597 1252 3667 lutoque.

453 3710 517 3787 Qui
531 3730 582 3772 me
597 3706 783 3787 audiebant,
794 3711 1007 3796 expectabant
1017 3716 1216 3793 sententiam,
1233 3719 1290 3783 &c
1314 3718 1404 3802 Saepe

378 3837 390 3859 ·
452 3810 587 3891 dictum,
602 3810 789 3875 sententiam
805 3812 837 3876 in
853 3813 938 3877 bono
954 3836 1079 3901 semper
1097 3817 1311 3903 accipiendam
1327 3841 1402 3893 esse,

448 3915 547 4001 juxta
555 3913 657 3978 illud:
682 3915 864 4001 Sapientior
877 3914 1004 3981 videtur
1014 3917 1073 3981 sibi
1088 3919 1180 4004 piger
1191 3931 1310 4003 septem
1328 3918 1404 3983 viris

453 4016 660 4102 loquentibus
682 4020 865 4083 sententias.
910 4018 1017 4082 Audis
1032 4020 1064 4081 in
1087 4020 1228 4103 sapiente
1250 4031 1308 4083 tua
1329 4042 1405 4084 con-

453 4139 588 4183 currere.
627 4117 760 4193 Intenti,
772 4117 889 4204 inquit,
901 4121 1047 4186 tacebant
1055 4119 1096 4185 ad
1106 4119 1273 4185 consilium
1285 4144 1404 4201 meum,

453 4218 558 4283 verbis
583 4216 660 4280 meis
686 4217 767 4281 nibil
793 4220 910 4285 addere
936 4220 1108 4297 audebant,
1139 4220 1280 4287 stillabat
1310 4247 1405 4311 super

453 4345 507 4387 eos
518 4320 682 4406 eloquium
692 4344 807 4387 meum.
833 4324 897 4388 Res
908 4322 1007 4388 ardua
1019 4322 1175 4389 desiderat
1186 4327 1404 4406 attentionem,
