3425 5367
416 771 480 828 284
679 776 815 822 ioannis
830 775 1106 820 sannssnnmusrs
1227 754 1308 833 [ma.
1326 774 1368 818 ιν.

414 927 814 1013 eruntbonafiscaliaquae
823 925 1137 1011 publioaconlitetur.
1161 927 1229 988 Nec
1239 926 1368 1003 mirum,

415 1054 517 1118 quum
533 1053 591 1093 nec
607 1030 675 1116 ipse
690 1051 767 1092 suus
783 1028 836 1103 sit,
852 1026 908 1092 sed
924 1026 1137 1090 subditorum.

413 1309 494 1391 Cap.
511 1311 542 1370 6.
567 1305 662 1373 Quod
683 1303 771 1366 debet
789 1305 889 1382 Iegem
910 1301 976 1364 Dei
997 1299 1113 1363 natae
1130 1317 1204 1378 prce
1219 1303 1322 1360 mente
1335 1303 1367 1360 ct

456 1407 558 1470 oculis
571 1424 705 1486 semper,
720 1411 752 1466 et
771 1403 899 1483 peritus
913 1421 978 1464 esse
991 1402 1028 1462 ln
1044 1401 1156 1473 literis,
1171 1406 1203 1462 ct
1225 1399 1367 1461 literato·

455 1527 531 1570 rum
546 1507 604 1586 agi
618 1504 770 1568 consiliis.

456 1641 640 1710 POSTQUAM
654 1649 761 1701 autem
775 1635 891 1699 sederit
904 1635 937 1698 in
950 1634 1028 1699 solio
1039 1634 1128 1720 regni
1141 1633 1202 1714 sui,
1213 1633 1369 1699 describet

414 1741 475 1806 sibi
489 1737 777 1804 Deuteronomium
799 1737 879 1822 legis
901 1737 1000 1823 hujus
1021 1737 1053 1800 in
1070 1736 1239 1800 volumine.
1282 1740 1368 1801 Ecce

414 1847 490 1930 quia
511 1843 660 1928 princeps
681 1863 744 1905 non
767 1840 863 1904 debet
884 1863 950 1904 esse
968 1841 1053 1926 juris
1075 1840 1217 1925 ignarus,
1239 1853 1271 1905 et
1293 1840 1367 1906 licet

412 1945 523 2010 multis
534 1943 707 2031 privilegiis
721 1942 873 2026 gaudeat,
884 1965 942 2004 nec
957 1942 1078 2006 militiae
1094 1955 1252 2027 praetextu
1265 1942 1366 2027 legem

414 2048 545 2113 Domini
559 2045 758 2127 permittitur
772 2047 928 2126 ignorare.
974 2045 1141 2108 Describet
1153 2067 1229 2128 ergo
1244 2047 1367 2109 Deute-

412 2148 590 2213 ronomium
607 2145 697 2230 legis,
713 2144 747 2208 id
766 2159 825 2224 est,
839 2143 1011 2208 secundam
1034 2145 1134 2229 legem
1158 2145 1189 2208 in
1206 2146 1367 2212 volumine

412 2249 535 2322 cordis;
560 2260 597 2312 ut
609 2247 649 2311 sit
661 2248 714 2311 lex
728 2247 842 2332 prima,
854 2269 950 2333 quam
965 2246 1056 2311 litera
1070 2245 1203 2331 ingerit3
1228 2248 1369 2313 secunda

412 2376 508 2440 quam
534 2371 574 2414 ex
600 2349 629 2413 ei
659 2352 813 2436 mysticus
838 2349 1021 2414 intellectus
1048 2349 1200 2433 agnoscit.
1258 2349 1367 2413 Prima

413 2455 541 2543 quidem
568 2453 662 2517 scribi
687 2451 795 2539 potuit
821 2452 941 2517 tabulis
967 2452 1119 2539 lapideis;
1152 2452 1206 2517 sed
1230 2452 1368 2516 secunda

413 2580 474 2621 non
489 2553 695 2641 imprimitur,
712 2553 772 2616 nisi
794 2554 827 2616 in
848 2553 977 2638 puriore
1001 2554 1211 2639 intelligentia
1233 2555 1367 2618 mentis?

411 2659 458 2722 Et
473 2667 557 2719 recte
572 2655 604 2718 in
622 2653 782 2717 volumine
802 2654 1087 2720 Deuteronomium
1112 2655 1274 2732 scribitur,
1291 2655 1368 2742 quia

413 2762 458 2824 sic
472 2757 560 2844 apud
578 2780 610 2820 se
632 2779 757 2820 sensum
782 2755 861 2839 legis
883 2756 1030 2843 princeps
1053 2758 1199 2832 revolvit,
1215 2759 1302 2844 quod
1326 2759 1366 2822 ab

410 2856 511 2923 oculis
524 2858 594 2942 ejus
609 2856 701 2920 litera
715 2879 777 2920 non
792 2856 923 2920 recedit.
969 2858 1015 2921 Et
1031 2861 1075 2922 sic
1096 2859 1225 2943 quidem
1249 2859 1366 2924 insistit

411 2961 524 3036 literae,
545 2972 582 3022 ut
605 2981 807 3044 nequaquam
830 2959 872 3021 ab
894 2959 1076 3024 intellectus
1098 2960 1258 3025 discordet
1280 2961 1368 3048 puri-

413 3073 488 3126 tate.
531 3058 642 3122 Litera
656 3081 793 3143 namque
808 3059 935 3133 occidit,
949 3061 1080 3146 spiritus
1097 3075 1204 3125 autem
1218 3064 1367 3141 vivificat,

412 3181 444 3227 et
470 3183 567 3247 penes
592 3164 709 3246 ipsum,
736 3160 868 3223 humani
893 3161 978 3246 juris
1003 3176 1034 3225 et
1065 3165 1236 3250 aequitatis,
1264 3166 1367 3228 media

411 3261 633 3349 interpretatio
644 3265 828 3336 necessaria,
841 3276 873 3328 et
885 3264 1041 3347 generalis
1052 3278 1151 3330 extat.
1191 3267 1365 3351 Accipiens,

411 3363 723 3452 inquit,exemplara
733 3363 953 3428 sacerdotibus
963 3365 1113 3429 Leviticae
1124 3365 1235 3428 tribus.
1267 3368 1365 3429 Recte

411 3466 552 3552 quidem.
599 3465 750 3530 Omnium
767 3464 874 3548 legum
898 3465 1001 3528 inanis
1023 3481 1069 3528 est
1093 3487 1236 3541 censura,
1253 3466 1278 3528 si
1301 3489 1364 3529 non

412 3569 531 3641 divlnae
554 3566 633 3664 legis
655 3569 826 3649 imaginem
848 3579 958 3650 gerat3
990 3579 1022 3631 et
1045 3567 1165 3631 inutilis
1179 3580 1228 3632 est
1250 3569 1365 3632 consti-

411 3670 496 3734 tutio
526 3667 690 3752 principis,
717 3667 743 3729 si
768 3689 831 3730 non
859 3669 1090 3733 Ecclesiasticae
1120 3669 1299 3755 disciplina*
1325 3671 1366 3734 sit

411 3769 591 3835 conformis.
647 3767 742 3842 Quod
772 3783 803 3833 et
835 3770 1142 3835 Christianissimum
1172 3795 1235 3836 non
1270 3772 1366 3836 latuit

409 3872 595 3960 principem,
619 3870 676 3956 qui
699 3869 823 3957 legibus
849 3872 915 3936 suis
937 3872 1066 3953 indixit,
1089 3895 1129 3936 ne
1152 3873 1365 3957 dedignentur

410 3998 514 4039 sacros
539 3996 674 4037 canones
700 3973 829 4038 imitari.
881 3976 927 4038 Et
953 3998 1015 4038 non
1043 3976 1139 4038 modo
1164 3973 1363 4037 sacerdotum

408 4075 603 4159 exemplaria
624 4074 689 4157 peti
712 4075 871 4158 praecipit,
888 4075 941 4138 sed
966 4075 1007 4138 ad
1031 4075 1207 4138 Leviticam
1231 4073 1363 4153 tribum,

409 4173 579 4239 mutuandi
594 4173 710 4256 gratia,
724 4172 900 4258 principem
917 4171 1025 4237 mittit.
1065 4171 1115 4235 Sic
1130 4171 1212 4235 euim
1230 4171 1364 4257 legitimi

409 4277 588 4341 sacerdotes
614 4273 766 4338 audiendi
792 4287 879 4350 sunt,
905 4286 942 4338 ut
967 4275 1110 4360 reprobis
1134 4286 1166 4338 et
1195 4273 1366 4337 ascenden-

408 4380 496 4446 tibus
510 4402 550 4444 ex
565 4377 709 4456 adverso,
725 4400 850 4442 omnem
867 4377 915 4440 vir
930 4377 1041 4461 justus
1056 4377 1185 4441 claudat
1202 4376 1362 4442 auditum.
