3425 5367
314 776 383 824 cun.
400 763 453 847 11.]
678 777 932 824 ronrcnnrrcus.
1000 805 1009 814 .
1204 764 1267 822 165

313 933 494 1013 reprobum,
510 929 595 1018 quod
606 930 735 1016 planum
747 940 794 994 est
804 929 852 994 his
864 929 919 1016 qui
932 926 1122 1014 Apostolum
1135 925 1260 1013 plenius

312 1043 477 1098 noverunt.
501 1039 734 1118 Argumentum
744 1043 853 1096 temen
863 1032 904 1097 ad
914 1031 1022 1096 omnia
1030 1028 1260 1095 validissimum

310 1143 368 1214 est,
379 1146 415 1199 ut
425 1135 466 1199 de
478 1134 541 1198 fide
551 1146 585 1199 et
595 1134 775 1199 sinceritate
787 1133 984 1218 singulorum
997 1132 1146 1197 credatur
1156 1130 1262 1217 operi·

309 1235 369 1301 bus
383 1236 456 1304 suis.
502 1237 611 1324 Opere
625 1236 712 1301 enim
727 1258 801 1323 quae
815 1236 892 1300 lacit
901 1236 1026 1324 uliquis,
1041 1235 1260 1300 testimouium

308 1337 479 1426 perhibent
499 1339 540 1403 de
557 1361 605 1404 eo.
652 1339 773 1402 Verum
795 1340 851 1426 qui
873 1339 1011 1424 seipsum
1032 1338 1168 1423 ignorat,
1182 1337 1260 1424 quid

309 1437 430 1502 utiliter
443 1437 553 1503 novit?
575 1439 609 1504 si
624 1437 750 1524 ignoras
764 1448 807 1519 te,
821 1438 937 1526 iuquit,
951 1437 1164 1526 pulcherrime
1177 1437 1262 1502 iuter

309 1539 470 1618 mulieres,
492 1541 545 1606 abi
565 1551 637 1626 post
657 1539 791 1625 vestigia
812 1539 980 1615 sodalium,
996 1551 1030 1604 et
1048 1551 1120 1627 post
1138 1562 1260 1625 greges.

311 1643 487 1709 Oraculum
510 1643 668 1730 Apollinis
688 1655 747 1721 est,
769 1653 803 1706 et
823 1641 1022 1707 descendisse
1037 1642 1079 1706 de
1098 1641 1179 1706 coelo
1194 1663 1262 1705 cre-

312 1745 407 1824 ditur,
430 1747 513 1834 γνῶθι
535 1744 662 1824 σεαυτὸν,
686 1743 720 1810 id
746 1755 805 1824 est,
834 1743 915 1810 scito
943 1745 1090 1832 teipsum.
1125 1747 1262 1833 >Nonne

310 1855 400 1920 scivit
415 1855 476 1920 hoc
490 1855 625 1922 Ethicus
638 1855 759 1938 dicens,

414 1992 525 2058 Discite,
538 1997 565 2046 et
576 2011 592 2046 o
604 1995 692 2048 miseri
704 2011 800 2048 musas
813 1995 963 2063 cognoscite
974 2011 1069 2060 rerum,

416 2079 488 2141 Quid
499 2097 597 2145 sumus,
609 2086 654 2133 aut
666 2081 790 2150 quidnam
801 2082 895 2135 victuri
906 2082 1049 2149 gignimur,
1060 2081 1124 2133 ordo

411 2164 478 2228 Quis
490 2165 576 2227 detur,
588 2171 633 2218 aut
645 2174 723 2220 metae
735 2185 816 2237 quem
828 2169 914 2221 mollis
925 2169 1009 2220 flexus
1020 2171 1047 2220 et
1058 2167 1136 2230 unde,

415 2251 483 2313 Quis
491 2252 583 2304 modus
594 2258 712 2320 urgento,
724 2253 787 2324 quid
798 2253 838 2307 sss
850 2260 948 2326 optare,
961 2253 1023 2323 quid
1034 2270 1111 2325 asper

415 2337 490 2392 Utile
501 2356 621 2392 nummus
632 2339 721 2404 hebet,
733 2341 819 2410 pueris
830 2342 947 2410 curisque
957 2341 1105 2412 propinquis

416 2423 552 2486 Quantum
564 2424 670 2492 elargiri
681 2426 781 2490 decent,
794 2445 873 2497 quem
884 2433 912 2480 te
924 2428 1000 2480 Deus
1011 2442 1070 2480 esse

415 2511 510 2574 lussit,
523 2515 550 2562 et
561 2510 676 2562 humone
688 2528 738 2579 qua
750 2519 824 2584 perte
835 2512 937 2568 locutus
948 2530 978 2566 es
988 2514 1016 2565 in
1027 2531 1064 2566 re.

314 2635 397 2698 Hoec
412 2634 532 2700 etenim
548 2636 776 2722 contemplatio
798 2637 1064 2724 quadripartitum
1078 2637 1162 2723 parit
1180 2639 1264 2702 irue-

312 2749 393 2815 tum,
417 2737 587 2804 utilitatem
609 2739 668 2816 sui,
692 2739 856 2805 caritatem
877 2739 1024 2827 proximi,
1044 2750 1264 2826 contemptum

310 2839 434 2918 muudi,
457 2862 598 2904 amorem
623 2841 696 2906 Dei.
742 2845 793 2906 An
819 2865 883 2907 nou
899 2855 947 2908 cst
968 2843 1063 2909 arbor
1080 2843 1175 2922 bona,
1190 2865 1265 2931 quoe

313 2955 436 3008 tantam
466 2944 627 3007 fructuum
651 2942 854 3010 dulcedinem
891 2946 993 3025 effert,
1028 2957 1151 3011 tautam
1173 2947 1266 3012 effert

310 3043 509 3110 utilitatem?
531 3045 627 3112 Certe
656 3067 720 3110 non
742 3047 897 3134 superbit,
927 3049 983 3137 qui
1012 3071 1127 3136 parvus
1152 3059 1201 3115 est
1228 3049 1264 3113 iu

309 3149 409 3214 oculis
430 3149 503 3214 suis.
549 3148 638 3215 Dum
666 3149 800 3238 quisque
827 3175 902 3240 quoe
924 3153 1041 3218 adsunt
1061 3149 1113 3218 vel
1134 3153 1262 3232 absunt,

309 3251 530 3339 expetibilium
546 3273 717 3317 numerum
733 3253 862 3338 cogitet,
871 3255 942 3342 quis
953 3256 994 3320 de
1009 3277 1066 3320 sua
1074 3267 1261 3342 paupertate

309 3376 375 3418 uon
390 3352 574 3420 erubescit?
598 3353 718 3442 Siquis
738 3377 804 3420 nou
819 3358 1000 3442 appetenda
1019 3359 1067 3422 sui
1087 3370 1262 3441 recenseat,

312 3457 342 3521 ei
352 3458 439 3546 jugis
448 3457 582 3523 materia
596 3457 733 3524 modesti
744 3458 862 3524 doloris
872 3471 906 3525 et
915 3459 1104 3526 humilitatis
1114 3461 1262 3528 occurrit.

314 3558 515 3646 Quocunque
535 3581 569 3624 se
589 3571 702 3642 vertat,
716 3561 749 3626 in
771 3561 876 3648 seipso
896 3562 1055 3648 dejicitur,
1076 3564 1132 3652 qui
1147 3563 1228 3650 petit
1241 3587 1262 3630 a

315 3661 456 3726 Domino
477 3662 657 3745 confortari,
677 3663 801 3730 dicens:
835 3665 1032 3732 Humiliatns
1054 3689 1124 3732 sum
1147 3688 1264 3756 usque-

311 3785 448 3853 quaque,
461 3764 586 3830 vivifica
597 3787 649 3830 me
661 3767 836 3832 secuudum
849 3768 1013 3856 eloquium
1023 3782 1127 3836 tuum.
1162 3773 1261 3836 Item·

313 3889 393 3956 quer
421 3867 502 3954 Ego,
525 3867 639 3958 inquit,
663 3869 696 3933 in
715 3871 842 3956 flagella
863 3884 992 3959 perotus
1012 3895 1096 3954 sum,
1118 3884 1152 3938 et
1172 3875 1265 3960 dolor

313 3991 403 4038 meus
417 3971 450 4038 in
465 3983 639 4062 conspectu
653 3993 727 4038 meo
741 3995 874 4060 semper.
