<?xml version="1.0" encoding="UTF-8"?>
<!DOCTYPE html PUBLIC "-//W3C//DTD XHTML 1.0 Transitional//EN"
    "http://www.w3.org/TR/xhtml1/DTD/xhtml1-transitional.dtd">
<html xmlns="http://www.w3.org/1999/xhtml" xml:lang="en" lang="en">
 <head>
  <title>
</title>
<meta http-equiv="Content-Type" content="text/html;charset=utf-8" />
  <meta name='ocr-system' content='tesseract 3.04.00' />
  <meta name='ocr-capabilities' content='ocr_page ocr_carea ocr_par ocr_line ocrx_word'/>
</head>
<body>
  <div class='ocr_page' id='page_1' title='image "./operaomnianuncp04johngoog_0342.png"; bbox 0 0 3425 5367; ppageno 0'>
   <div class='ocr_carea' id='block_1_1' title="bbox 323 723 1274 802">
    <p class='ocr_par' dir='ltr' id='par_1_1' title="bbox 323 723 1274 802">
     <span class='ocr_line' id='line_1_1' title="bbox 323 723 1274 802; baseline -0.002 -18"><span class='ocrx_word' id='word_1_1' title='bbox 323 742 395 787; x_wconf 77' lang='lat' dir='ltr'><strong>aaa.</strong></span> <span class='ocrx_word' id='word_1_2' title='bbox 411 723 481 802; x_wconf 67' lang='lat' dir='ltr'><strong>xa]</strong></span> <span class='ocrx_word' id='word_1_3' title='bbox 679 739 934 786; x_wconf 76' lang='lat' dir='ltr'><strong>aotrcaarrous.</strong></span> <span class='ocrx_word' id='word_1_4' title='bbox 1210 725 1274 783; x_wconf 78' lang='lat'><strong>829</strong></span> 
     </span>
    </p>
   </div>
   <div class='ocr_carea' id='block_1_2' title="bbox 324 890 1277 2084">
    <p class='ocr_par' dir='ltr' id='par_1_2' title="bbox 324 890 1277 1683">
     <span class='ocr_line' id='line_1_2' title="bbox 324 890 1274 978; baseline -0.007 -20"><span class='ocrx_word' id='word_1_5' title='bbox 324 896 448 978; x_wconf 91' lang='lat' dir='ltr'><strong>operari</strong></span> <span class='ocrx_word' id='word_1_6' title='bbox 462 895 495 956; x_wconf 92' lang='lat' dir='ltr'><strong>in</strong></span> <span class='ocrx_word' id='word_1_7' title='bbox 512 913 613 957; x_wconf 83' lang='lat' dir='ltr'><strong>messe</strong></span> <span class='ocrx_word' id='word_1_8' title='bbox 630 892 772 969; x_wconf 83' lang='lat' dir='ltr'><strong>Domini,</strong></span> <span class='ocrx_word' id='word_1_9' title='bbox 794 903 830 955; x_wconf 91' lang='lat' dir='ltr'><strong>ut</strong></span> <span class='ocrx_word' id='word_1_10' title='bbox 849 891 961 955; x_wconf 90' lang='lat' dir='ltr'><strong>merito</strong></span> <span class='ocrx_word' id='word_1_11' title='bbox 982 890 1058 954; x_wconf 90' lang='lat' dir='ltr'><strong>fidei</strong></span> <span class='ocrx_word' id='word_1_12' title='bbox 1083 901 1114 952; x_wconf 85' lang='lat' dir='ltr'><strong>et</strong></span> <span class='ocrx_word' id='word_1_13' title='bbox 1141 890 1274 967; x_wconf 80' lang='lat' dir='ltr'><strong>virtutis,</strong></span> 
     </span>
     <span class='ocr_line' id='line_1_3' title="bbox 324 992 1273 1077; baseline -0.006 -20"><span class='ocrx_word' id='word_1_14' title='bbox 324 1006 410 1059; x_wconf 85' lang='lat' dir='ltr'><strong>recte</strong></span> <span class='ocrx_word' id='word_1_15' title='bbox 425 994 525 1057; x_wconf 84' lang='lat' dir='ltr'><strong>rideri</strong></span> <span class='ocrx_word' id='word_1_16' title='bbox 539 1004 649 1077; x_wconf 89' lang='lat' dir='ltr'><strong>posset</strong></span> <span class='ocrx_word' id='word_1_17' title='bbox 663 993 787 1056; x_wconf 80' lang='lat' dir='ltr'><strong>vineam</strong></span> <span class='ocrx_word' id='word_1_18' title='bbox 802 992 902 1076; x_wconf 86' lang='lat' dir='ltr'><strong>patris</strong></span> <span class='ocrx_word' id='word_1_19' title='bbox 916 992 949 1053; x_wconf 93' lang='lat' dir='ltr'><strong>in</strong></span> <span class='ocrx_word' id='word_1_20' title='bbox 965 1012 1061 1055; x_wconf 92' lang='lat' dir='ltr'><strong>manu</strong></span> <span class='ocrx_word' id='word_1_21' title='bbox 1076 1012 1183 1055; x_wconf 84' lang='lat' dir='ltr'><strong>comm</strong></span> <span class='ocrx_word' id='word_1_22' title='bbox 1200 1011 1273 1073; x_wconf 89' lang='lat' dir='ltr'><strong>pru-</strong></span> 
     </span>
     <span class='ocr_line' id='line_1_4' title="bbox 325 1092 1277 1167; baseline -0.007 -9"><span class='ocrx_word' id='word_1_23' title='bbox 325 1095 437 1158; x_wconf 87' lang='lat' dir='ltr'><strong>denter</strong></span> <span class='ocrx_word' id='word_1_24' title='bbox 459 1106 491 1157; x_wconf 90' lang='lat' dir='ltr'><strong>et</strong></span> <span class='ocrx_word' id='word_1_25' title='bbox 512 1094 632 1157; x_wconf 81' lang='lat' dir='ltr'>utiliter</span> <span class='ocrx_word' id='word_1_26' title='bbox 652 1094 851 1157; x_wconf 90' lang='lat' dir='ltr'><strong>collocatam.</strong></span> <span class='ocrx_word' id='word_1_27' title='bbox 897 1094 940 1155; x_wconf 91' lang='lat' dir='ltr'><strong>At</strong></span> <span class='ocrx_word' id='word_1_28' title='bbox 962 1092 1017 1155; x_wconf 91' lang='lat' dir='ltr'><strong>alii</strong></span> <span class='ocrx_word' id='word_1_29' title='bbox 1038 1093 1085 1154; x_wconf 92' lang='lat' dir='ltr'><strong>sic</strong></span> <span class='ocrx_word' id='word_1_30' title='bbox 1104 1104 1277 1167; x_wconf 88' lang='lat' dir='ltr'><strong>versantur,</strong></span> 
     </span>
     <span class='ocr_line' id='line_1_5' title="bbox 324 1193 1275 1260; baseline -0.007 0"><span class='ocrx_word' id='word_1_31' title='bbox 324 1218 362 1260; x_wconf 91' lang='lat' dir='ltr'><strong>ae</strong></span> <span class='ocrx_word' id='word_1_32' title='bbox 380 1198 408 1259; x_wconf 88' lang='lat' dir='ltr'><strong>si</strong></span> <span class='ocrx_word' id='word_1_33' title='bbox 426 1196 469 1260; x_wconf 89' lang='lat' dir='ltr'><strong>ad</strong></span> <span class='ocrx_word' id='word_1_34' title='bbox 497 1196 628 1259; x_wconf 81' lang='lat' dir='ltr'>Thebas</span> <span class='ocrx_word' id='word_1_35' title='bbox 649 1196 682 1257; x_wconf 91' lang='lat' dir='ltr'><strong>iu</strong></span> <span class='ocrx_word' id='word_1_36' title='bbox 705 1195 829 1259; x_wconf 86' lang='lat' dir='ltr'><strong>facinus</strong></span> <span class='ocrx_word' id='word_1_37' title='bbox 853 1194 1043 1259; x_wconf 85' lang='lat' dir='ltr'><strong>excitandas</strong></span> <span class='ocrx_word' id='word_1_38' title='bbox 1070 1194 1211 1257; x_wconf 89' lang='lat' dir='ltr'><strong>mittatur</strong></span> <span class='ocrx_word' id='word_1_39' title='bbox 1235 1193 1275 1255; x_wconf 92' lang='lat' dir='ltr'><strong>ab</strong></span> 
     </span>
     <span class='ocr_line' id='line_1_6' title="bbox 324 1295 1275 1377; baseline -0.003 -18"><span class='ocrx_word' id='word_1_40' title='bbox 324 1298 434 1361; x_wconf 88' lang='lat' dir='ltr'><strong>inferis</strong></span> <span class='ocrx_word' id='word_1_41' title='bbox 458 1296 665 1377; x_wconf 87' lang='lat' dir='ltr'><strong>Thesiphoue</strong></span> <span class='ocrx_word' id='word_1_42' title='bbox 691 1298 742 1359; x_wconf 87' lang='lat' dir='ltr'><strong>vel</strong></span> <span class='ocrx_word' id='word_1_43' title='bbox 767 1298 918 1377; x_wconf 72' lang='lat' dir='ltr'><strong>Megara.</strong></span> <span class='ocrx_word' id='word_1_44' title='bbox 964 1298 1049 1359; x_wconf 92' lang='lat' dir='ltr'><strong>Nam</strong></span> <span class='ocrx_word' id='word_1_45' title='bbox 1072 1296 1135 1359; x_wconf 88' lang='lat' dir='ltr'><strong>fere</strong></span> <span class='ocrx_word' id='word_1_46' title='bbox 1161 1296 1208 1358; x_wconf 91' lang='lat' dir='ltr'><strong>sic</strong></span> <span class='ocrx_word' id='word_1_47' title='bbox 1235 1295 1275 1356; x_wconf 88' lang='lat' dir='ltr'><strong>ab</strong></span> 
     </span>
     <span class='ocr_line' id='line_1_7' title="bbox 325 1396 1277 1481; baseline 0 -22"><span class='ocrx_word' id='word_1_48' title='bbox 325 1399 398 1461; x_wconf 91' lang='lat' dir='ltr'><strong>aula</strong></span> <span class='ocrx_word' id='word_1_49' title='bbox 410 1408 520 1460; x_wconf 88' lang='lat' dir='ltr'><strong>contra</strong></span> <span class='ocrx_word' id='word_1_50' title='bbox 530 1396 674 1459; x_wconf 87' lang='lat' dir='ltr'><strong>omnium</strong></span> <span class='ocrx_word' id='word_1_51' title='bbox 686 1411 760 1461; x_wconf 85' lang='lat' dir='ltr'><strong>rota</strong></span> <span class='ocrx_word' id='word_1_52' title='bbox 770 1396 925 1472; x_wconf 88' lang='lat' dir='ltr'><strong>fidelium,</strong></span> <span class='ocrx_word' id='word_1_53' title='bbox 938 1397 978 1461; x_wconf 89' lang='lat' dir='ltr'><strong>ad</strong></span> <span class='ocrx_word' id='word_1_54' title='bbox 990 1398 1135 1461; x_wconf 72' lang='lat' dir='ltr'><strong>ecclesiae</strong></span> <span class='ocrx_word' id='word_1_55' title='bbox 1148 1397 1277 1481; x_wconf 91' lang='lat' dir='ltr'><strong>publica</strong></span> 
     </span>
     <span class='ocr_line' id='line_1_8' title="bbox 327 1496 879 1581; baseline -0.002 -20"><span class='ocrx_word' id='word_1_56' title='bbox 327 1498 434 1561; x_wconf 88' lang='lat' dir='ltr'><strong>officia</strong></span> <span class='ocrx_word' id='word_1_57' title='bbox 449 1506 663 1559; x_wconf 83' lang='lat' dir='ltr'><strong>accesserant.</strong></span> <span class='ocrx_word' id='word_1_58' title='bbox 707 1496 806 1581; x_wconf 85' lang='lat' dir='ltr'><strong>Apud</strong></span> <span class='ocrx_word' id='word_1_59' title='bbox 818 1498 879 1560; x_wconf 90' lang='lat' dir='ltr'><strong>bos</strong></span> 
     </span>
     <span class='ocr_line' id='line_1_9' title="bbox 499 1609 1060 1683; baseline 0.005 -22"><span class='ocrx_word' id='word_1_60' title='bbox 499 1609 627 1681; x_wconf 84' lang='lat' dir='ltr'><strong>judicium</strong></span> <span class='ocrx_word' id='word_1_61' title='bbox 637 1610 703 1663; x_wconf 87' lang='lat' dir='ltr'><strong>nihil</strong></span> <span class='ocrx_word' id='word_1_62' title='bbox 714 1617 765 1677; x_wconf 86' lang='lat' dir='ltr'><strong>est,</strong></span> <span class='ocrx_word' id='word_1_63' title='bbox 775 1612 826 1665; x_wconf 86' lang='lat' dir='ltr'><strong>nisi</strong></span> <span class='ocrx_word' id='word_1_64' title='bbox 837 1610 942 1683; x_wconf 86' lang='lat' dir='ltr'><strong>publiea</strong></span> <span class='ocrx_word' id='word_1_65' title='bbox 952 1628 1060 1675; x_wconf 85' lang='lat' dir='ltr'><strong>merces,</strong></span> 
     </span>
    </p>

    <p class='ocr_par' dir='ltr' id='par_1_3' title="bbox 325 1696 1277 1986">
     <span class='ocr_line' id='line_1_10' title="bbox 395 1696 1081 1770; baseline 0 -22"><span class='ocrx_word' id='word_1_66' title='bbox 395 1697 485 1765; x_wconf 81' lang='lat' dir='ltr'>Atque</span> <span class='ocrx_word' id='word_1_67' title='bbox 497 1710 586 1763; x_wconf 85' lang='lat' dir='ltr'><strong>eques,</strong></span> <span class='ocrx_word' id='word_1_68' title='bbox 597 1696 626 1747; x_wconf 86' lang='lat' dir='ltr'><strong>in</strong></span> <span class='ocrx_word' id='word_1_69' title='bbox 637 1713 716 1749; x_wconf 85' lang='lat' dir='ltr'><strong>eausa</strong></span> <span class='ocrx_word' id='word_1_70' title='bbox 726 1698 771 1767; x_wconf 86' lang='lat' dir='ltr'><strong>qui</strong></span> <span class='ocrx_word' id='word_1_71' title='bbox 783 1698 869 1764; x_wconf 83' lang='lat' dir='ltr'><strong>sedet,</strong></span> <span class='ocrx_word' id='word_1_72' title='bbox 881 1703 969 1769; x_wconf 81' lang='lat' dir='ltr'><strong>empta</strong></span> <span class='ocrx_word' id='word_1_73' title='bbox 980 1698 1081 1770; x_wconf 89' lang='lat' dir='ltr'><strong>probat.</strong></span> 
     </span>
     <span class='ocr_line' id='line_1_11' title="bbox 325 1798 1277 1883; baseline -0.006 -16"><span class='ocrx_word' id='word_1_74' title='bbox 325 1800 511 1867; x_wconf 88' lang='lat' dir='ltr'><strong>Justificant</strong></span> <span class='ocrx_word' id='word_1_75' title='bbox 523 1798 659 1881; x_wconf 87' lang='lat' dir='ltr'><strong>impium</strong></span> <span class='ocrx_word' id='word_1_76' title='bbox 678 1822 736 1883; x_wconf 94' lang='lat' dir='ltr'><strong>pro</strong></span> <span class='ocrx_word' id='word_1_77' title='bbox 758 1802 955 1879; x_wconf 90' lang='lat' dir='ltr'><strong>muneribus,</strong></span> <span class='ocrx_word' id='word_1_78' title='bbox 970 1800 1162 1863; x_wconf 84' lang='lat' dir='ltr'><strong>exultantia</strong></span> <span class='ocrx_word' id='word_1_79' title='bbox 1182 1800 1277 1863; x_wconf 89' lang='lat' dir='ltr'><strong>rebus</strong></span> 
     </span>
     <span class='ocr_line' id='line_1_12' title="bbox 327 1901 978 1986; baseline 0.002 -22"><span class='ocrx_word' id='word_1_80' title='bbox 327 1901 486 1986; x_wconf 77' lang='lat' dir='ltr'>pessimis,</span> <span class='ocrx_word' id='word_1_81' title='bbox 500 1901 650 1963; x_wconf 75' lang='lat' dir='ltr'><strong>letantur</strong></span> <span class='ocrx_word' id='word_1_82' title='bbox 664 1923 765 1984; x_wconf 89' lang='lat' dir='ltr'><strong>quum</strong></span> <span class='ocrx_word' id='word_1_83' title='bbox 780 1904 864 1966; x_wconf 87' lang='lat' dir='ltr'><strong>mala</strong></span> <span class='ocrx_word' id='word_1_84' title='bbox 878 1902 978 1965; x_wconf 86' lang='lat' dir='ltr'><strong>fiunt:</strong></span> 
     </span>
    </p>

    <p class='ocr_par' dir='ltr' id='par_1_4' title="bbox 386 2012 1223 2084">
     <span class='ocr_line' id='line_1_13' title="bbox 386 2012 1223 2084; baseline -0.001 -18"><span class='ocrx_word' id='word_1_85' title='bbox 386 2012 495 2082; x_wconf 82' lang='lat' dir='ltr'><strong>Vixque</strong></span> <span class='ocrx_word' id='word_1_86' title='bbox 505 2018 597 2067; x_wconf 85' lang='lat' dir='ltr'><strong>tenent</strong></span> <span class='ocrx_word' id='word_1_87' title='bbox 606 2013 760 2084; x_wconf 80' lang='lat' dir='ltr'><strong>lachrymas,</strong></span> <span class='ocrx_word' id='word_1_88' title='bbox 771 2031 852 2083; x_wconf 87' lang='lat' dir='ltr'><strong>quum</strong></span> <span class='ocrx_word' id='word_1_89' title='bbox 863 2012 901 2066; x_wconf 90' lang='lat' dir='ltr'><strong>nil</strong></span> <span class='ocrx_word' id='word_1_90' title='bbox 912 2012 1097 2083; x_wconf 78' lang='lat' dir='ltr'><strong>lachrymabile</strong></span> <span class='ocrx_word' id='word_1_91' title='bbox 1108 2020 1223 2067; x_wconf 86' lang='lat' dir='ltr'><strong>cernunt.</strong></span> 
     </span>
    </p>
   </div>
   <div class='ocr_carea' id='block_1_3' title="bbox 329 2117 1290 4313">
    <p class='ocr_par' dir='ltr' id='par_1_5' title="bbox 329 2117 1290 4313">
     <span class='ocr_line' id='line_1_14' title="bbox 329 2117 1282 2202; baseline 0.001 -22"><span class='ocrx_word' id='word_1_92' title='bbox 329 2117 497 2201; x_wconf 84' lang='lat' dir='ltr'>Siquidem</span> <span class='ocrx_word' id='word_1_93' title='bbox 511 2129 647 2201; x_wconf 87' lang='lat' dir='ltr'><strong>peccata</strong></span> <span class='ocrx_word' id='word_1_94' title='bbox 660 2120 775 2202; x_wconf 91' lang='lat' dir='ltr'><strong>populi</strong></span> <span class='ocrx_word' id='word_1_95' title='bbox 790 2117 971 2196; x_wconf 88' lang='lat' dir='ltr'><strong>comeduut,</strong></span> <span class='ocrx_word' id='word_1_96' title='bbox 986 2128 1019 2181; x_wconf 91' lang='lat' dir='ltr'><strong>et</strong></span> <span class='ocrx_word' id='word_1_97' title='bbox 1032 2118 1209 2182; x_wconf 82' lang='lat' dir='ltr'><strong>vestiuntur</strong></span> <span class='ocrx_word' id='word_1_98' title='bbox 1223 2118 1282 2195; x_wconf 86' lang='lat' dir='ltr'><strong>eis,</strong></span> 
     </span>
     <span class='ocr_line' id='line_1_15' title="bbox 330 2216 1281 2303; baseline 0.001 -23"><span class='ocrx_word' id='word_1_99' title='bbox 330 2216 408 2281; x_wconf 88' lang='lat' dir='ltr'><strong>etin</strong></span> <span class='ocrx_word' id='word_1_100' title='bbox 429 2220 476 2283; x_wconf 87' lang='lat' dir='ltr'><strong>eis</strong></span> <span class='ocrx_word' id='word_1_101' title='bbox 498 2220 721 2303; x_wconf 86' lang='lat' dir='ltr'><strong>multipliciter</strong></span> <span class='ocrx_word' id='word_1_102' title='bbox 741 2220 952 2283; x_wconf 83' lang='lat' dir='ltr'><strong>luxuriantur.</strong></span> <span class='ocrx_word' id='word_1_103' title='bbox 996 2221 1192 2302; x_wconf 87' lang='lat' dir='ltr'><strong>Acceptores</strong></span> <span class='ocrx_word' id='word_1_104' title='bbox 1210 2238 1281 2300; x_wconf 92' lang='lat' dir='ltr'><strong>per·</strong></span> 
     </span>
     <span class='ocr_line' id='line_1_16' title="bbox 329 2319 1280 2404; baseline 0.002 -23"><span class='ocrx_word' id='word_1_105' title='bbox 329 2340 491 2395; x_wconf 89' lang='lat' dir='ltr'><strong>sonarum,</strong></span> <span class='ocrx_word' id='word_1_106' title='bbox 518 2333 551 2383; x_wconf 89' lang='lat' dir='ltr'><strong>et</strong></span> <span class='ocrx_word' id='word_1_107' title='bbox 576 2321 669 2404; x_wconf 88' lang='lat' dir='ltr'><strong>quasi</strong></span> <span class='ocrx_word' id='word_1_108' title='bbox 700 2319 834 2403; x_wconf 90' lang='lat' dir='ltr'><strong>quidam</strong></span> <span class='ocrx_word' id='word_1_109' title='bbox 870 2323 1029 2383; x_wconf 89' lang='lat' dir='ltr'><strong>bonorum</strong></span> <span class='ocrx_word' id='word_1_110' title='bbox 1066 2320 1190 2384; x_wconf 87' lang='lat' dir='ltr'><strong>mallei:</strong></span> <span class='ocrx_word' id='word_1_111' title='bbox 1219 2320 1280 2383; x_wconf 90' lang='lat' dir='ltr'><strong>hoc</strong></span> 
     </span>
     <span class='ocr_line' id='line_1_17' title="bbox 330 2420 1283 2503; baseline 0.004 -22"><span class='ocrx_word' id='word_1_112' title='bbox 330 2422 416 2483; x_wconf 89' lang='lat' dir='ltr'><strong>enim</strong></span> <span class='ocrx_word' id='word_1_113' title='bbox 438 2420 622 2484; x_wconf 85' lang='lat' dir='ltr'><strong>didicerunt</strong></span> <span class='ocrx_word' id='word_1_114' title='bbox 644 2422 686 2483; x_wconf 93' lang='lat' dir='ltr'><strong>ab</strong></span> <span class='ocrx_word' id='word_1_115' title='bbox 712 2422 771 2497; x_wconf 89' lang='lat' dir='ltr'><strong>eis,</strong></span> <span class='ocrx_word' id='word_1_116' title='bbox 796 2442 815 2484; x_wconf 91' lang='lat' dir='ltr'><strong>a</strong></span> <span class='ocrx_word' id='word_1_117' title='bbox 841 2422 958 2503; x_wconf 90' lang='lat' dir='ltr'><strong>quibus</strong></span> <span class='ocrx_word' id='word_1_118' title='bbox 982 2420 1076 2483; x_wconf 88' lang='lat' dir='ltr'><strong>electi</strong></span> <span class='ocrx_word' id='word_1_119' title='bbox 1101 2430 1185 2483; x_wconf 90' lang='lat' dir='ltr'><strong>suut.</strong></span> <span class='ocrx_word' id='word_1_120' title='bbox 1229 2422 1283 2485; x_wconf 81' lang='lat' dir='ltr'><strong>Ait</strong></span> 
     </span>
     <span class='ocr_line' id='line_1_18' title="bbox 329 2520 1284 2603; baseline 0.004 -20"><span class='ocrx_word' id='word_1_121' title='bbox 329 2522 503 2603; x_wconf 89' lang='lat' dir='ltr'><strong>sapientia:</strong></span> <span class='ocrx_word' id='word_1_122' title='bbox 545 2521 677 2583; x_wconf 88' lang='lat' dir='ltr'><strong>Venatio</strong></span> <span class='ocrx_word' id='word_1_123' title='bbox 707 2520 813 2583; x_wconf 89' lang='lat' dir='ltr'><strong>leonis</strong></span> <span class='ocrx_word' id='word_1_124' title='bbox 842 2540 962 2600; x_wconf 82' lang='lat' dir='ltr'><strong>onager</strong></span> <span class='ocrx_word' id='word_1_125' title='bbox 985 2520 1020 2582; x_wconf 90' lang='lat' dir='ltr'><strong>in</strong></span> <span class='ocrx_word' id='word_1_126' title='bbox 1046 2541 1165 2598; x_wconf 89' lang='lat' dir='ltr'><strong>eremo,</strong></span> <span class='ocrx_word' id='word_1_127' title='bbox 1189 2522 1284 2587; x_wconf 90' lang='lat' dir='ltr'><strong>sicet</strong></span> 
     </span>
     <span class='ocr_line' id='line_1_19' title="bbox 330 2622 1283 2706; baseline 0.003 -22"><span class='ocrx_word' id='word_1_128' title='bbox 330 2642 451 2704; x_wconf 88' lang='lat' dir='ltr'><strong>pascua</strong></span> <span class='ocrx_word' id='word_1_129' title='bbox 470 2622 604 2685; x_wconf 88' lang='lat' dir='ltr'><strong>divitum</strong></span> <span class='ocrx_word' id='word_1_130' title='bbox 621 2632 696 2684; x_wconf 87' lang='lat' dir='ltr'><strong>aunt</strong></span> <span class='ocrx_word' id='word_1_131' title='bbox 710 2642 877 2706; x_wconf 83' lang='lat' dir='ltr'><strong>pauperes.</strong></span> <span class='ocrx_word' id='word_1_132' title='bbox 924 2622 969 2685; x_wconf 89' lang='lat' dir='ltr'><strong>Et</strong></span> <span class='ocrx_word' id='word_1_133' title='bbox 989 2622 1073 2685; x_wconf 88' lang='lat' dir='ltr'><strong>sicut</strong></span> <span class='ocrx_word' id='word_1_134' title='bbox 1087 2622 1283 2687; x_wconf 83' lang='lat' dir='ltr'><strong>abominatio</strong></span> 
     </span>
     <span class='ocr_line' id='line_1_20' title="bbox 332 2722 1283 2808; baseline 0.004 -23"><span class='ocrx_word' id='word_1_135' title='bbox 332 2736 381 2786; x_wconf 86' lang='lat' dir='ltr'><strong>est</strong></span> <span class='ocrx_word' id='word_1_136' title='bbox 395 2725 534 2807; x_wconf 85' lang='lat' dir='ltr'><strong>superbo</strong></span> <span class='ocrx_word' id='word_1_137' title='bbox 548 2723 784 2801; x_wconf 65' lang='lat' dir='ltr'><strong>tumulasse</strong></span> <span class='ocrx_word' id='word_1_138' title='bbox 797 2724 958 2787; x_wconf 84' lang='lat' dir='ltr'><strong>execratio</strong></span> <span class='ocrx_word' id='word_1_139' title='bbox 970 2736 1019 2786; x_wconf 91' lang='lat' dir='ltr'><strong>est</strong></span> <span class='ocrx_word' id='word_1_140' title='bbox 1033 2722 1140 2787; x_wconf 87' lang='lat' dir='ltr'><strong>divitis</strong></span> <span class='ocrx_word' id='word_1_141' title='bbox 1152 2746 1283 2808; x_wconf 86' lang='lat' dir='ltr'><strong>pauper.</strong></span> 
     </span>
     <span class='ocr_line' id='line_1_21' title="bbox 334 2823 1283 2902; baseline 0.003 -17"><span class='ocrx_word' id='word_1_142' title='bbox 334 2824 435 2886; x_wconf 84' lang='lat' dir='ltr'><strong>Dives</strong></span> <span class='ocrx_word' id='word_1_143' title='bbox 460 2836 640 2887; x_wconf 87' lang='lat' dir='ltr'><strong>commotus</strong></span> <span class='ocrx_word' id='word_1_144' title='bbox 669 2823 910 2886; x_wconf 84' lang='lat' dir='ltr'><strong>confirmabitur</strong></span> <span class='ocrx_word' id='word_1_145' title='bbox 938 2824 979 2885; x_wconf 89' lang='lat' dir='ltr'><strong>ab</strong></span> <span class='ocrx_word' id='word_1_146' title='bbox 1009 2824 1131 2902; x_wconf 88' lang='lat' dir='ltr'><strong>amicis,</strong></span> <span class='ocrx_word' id='word_1_147' title='bbox 1154 2824 1283 2888; x_wconf 90' lang='lat' dir='ltr'><strong>humilis</strong></span> 
     </span>
     <span class='ocr_line' id='line_1_22' title="bbox 333 2924 1283 3010; baseline 0.001 -21"><span class='ocrx_word' id='word_1_148' title='bbox 333 2938 438 2989; x_wconf 86' lang='lat' dir='ltr'><strong>autem</strong></span> <span class='ocrx_word' id='word_1_149' title='bbox 460 2948 557 3010; x_wconf 89' lang='lat' dir='ltr'><strong>quum</strong></span> <span class='ocrx_word' id='word_1_150' title='bbox 580 2924 742 3003; x_wconf 84' lang='lat' dir='ltr'><strong>ceciderit,</strong></span> <span class='ocrx_word' id='word_1_151' title='bbox 757 2926 937 3009; x_wconf 82' lang='lat' dir='ltr'><strong>expelletur</strong></span> <span class='ocrx_word' id='word_1_152' title='bbox 954 2938 986 2989; x_wconf 92' lang='lat' dir='ltr'><strong>et</strong></span> <span class='ocrx_word' id='word_1_153' title='bbox 1004 2946 1024 2988; x_wconf 91' lang='lat' dir='ltr'><strong>a</strong></span> <span class='ocrx_word' id='word_1_154' title='bbox 1042 2924 1135 2989; x_wconf 89' lang='lat' dir='ltr'><strong>notis.</strong></span> <span class='ocrx_word' id='word_1_155' title='bbox 1180 2926 1283 2990; x_wconf 84' lang='lat' dir='ltr'><strong>Diviti</strong></span> 
     </span>
     <span class='ocr_line' id='line_1_23' title="bbox 331 3024 1284 3109; baseline 0.002 -22"><span class='ocrx_word' id='word_1_156' title='bbox 331 3024 469 3108; x_wconf 88' lang='lat' dir='ltr'><strong>decepto</strong></span> <span class='ocrx_word' id='word_1_157' title='bbox 495 3026 585 3089; x_wconf 85' lang='lat' dir='ltr'><strong>multi</strong></span> <span class='ocrx_word' id='word_1_158' title='bbox 611 3036 860 3108; x_wconf 81' lang='lat' dir='ltr'><strong>recuperatores,</strong></span> <span class='ocrx_word' id='word_1_159' title='bbox 886 3026 1035 3108; x_wconf 83' lang='lat' dir='ltr'><strong>loquutus</strong></span> <span class='ocrx_word' id='word_1_160' title='bbox 1060 3034 1109 3089; x_wconf 87' lang='lat' dir='ltr'><strong>est</strong></span> <span class='ocrx_word' id='word_1_161' title='bbox 1136 3027 1284 3109; x_wconf 87' lang='lat' dir='ltr'><strong>superba,</strong></span> 
     </span>
     <span class='ocr_line' id='line_1_24' title="bbox 331 3124 1283 3211; baseline 0.001 -23"><span class='ocrx_word' id='word_1_162' title='bbox 331 3142 364 3189; x_wconf 91' lang='lat' dir='ltr'><strong>et</strong></span> <span class='ocrx_word' id='word_1_163' title='bbox 383 3126 640 3209; x_wconf 85' lang='lat' dir='ltr'><strong>justificaverunt</strong></span> <span class='ocrx_word' id='word_1_164' title='bbox 664 3128 763 3189; x_wconf 75' lang='lat' dir='ltr'><strong>iiluna</strong></span> <span class='ocrx_word' id='word_1_165' title='bbox 821 3126 963 3189; x_wconf 89' lang='lat' dir='ltr'><strong>Humilis</strong></span> <span class='ocrx_word' id='word_1_166' title='bbox 989 3124 1143 3211; x_wconf 89' lang='lat' dir='ltr'><strong>deceptus</strong></span> <span class='ocrx_word' id='word_1_167' title='bbox 1168 3138 1227 3203; x_wconf 84' lang='lat' dir='ltr'><strong>est,</strong></span> <span class='ocrx_word' id='word_1_168' title='bbox 1250 3138 1283 3189; x_wconf 91' lang='lat' dir='ltr'><strong>et</strong></span> 
     </span>
     <span class='ocr_line' id='line_1_25' title="bbox 332 3226 1284 3308; baseline 0.002 -21"><span class='ocrx_word' id='word_1_169' title='bbox 332 3226 465 3308; x_wconf 89' lang='lat' dir='ltr'><strong>insuper</strong></span> <span class='ocrx_word' id='word_1_170' title='bbox 477 3226 630 3307; x_wconf 78' lang='lat' dir='ltr'><strong>arguitur.</strong></span> <span class='ocrx_word' id='word_1_171' title='bbox 664 3228 835 3308; x_wconf 89' lang='lat' dir='ltr'><strong>Loquutus</strong></span> <span class='ocrx_word' id='word_1_172' title='bbox 849 3238 899 3290; x_wconf 90' lang='lat' dir='ltr'><strong>est</strong></span> <span class='ocrx_word' id='word_1_173' title='bbox 914 3238 1049 3301; x_wconf 86' lang='lat' dir='ltr'><strong>sensate,</strong></span> <span class='ocrx_word' id='word_1_174' title='bbox 1065 3238 1097 3290; x_wconf 87' lang='lat' dir='ltr'><strong>et</strong></span> <span class='ocrx_word' id='word_1_175' title='bbox 1111 3248 1176 3291; x_wconf 90' lang='lat' dir='ltr'><strong>uon</strong></span> <span class='ocrx_word' id='word_1_176' title='bbox 1192 3238 1241 3291; x_wconf 86' lang='lat' dir='ltr'><strong>est</strong></span> <span class='ocrx_word' id='word_1_177' title='bbox 1254 3228 1284 3291; x_wconf 89' lang='lat' dir='ltr'><strong>ei</strong></span> 
     </span>
     <span class='ocr_line' id='line_1_26' title="bbox 334 3324 1284 3409; baseline 0.004 -22"><span class='ocrx_word' id='word_1_178' title='bbox 334 3324 428 3389; x_wconf 87' lang='lat' dir='ltr'><strong>datus</strong></span> <span class='ocrx_word' id='word_1_179' title='bbox 442 3326 543 3390; x_wconf 89' lang='lat' dir='ltr'><strong>loeus.</strong></span> <span class='ocrx_word' id='word_1_180' title='bbox 587 3327 688 3389; x_wconf 80' lang='lat' dir='ltr'><strong>Dives</strong></span> <span class='ocrx_word' id='word_1_181' title='bbox 701 3327 851 3409; x_wconf 86' lang='lat' dir='ltr'><strong>loquutus</strong></span> <span class='ocrx_word' id='word_1_182' title='bbox 866 3337 925 3405; x_wconf 88' lang='lat' dir='ltr'><strong>est,</strong></span> <span class='ocrx_word' id='word_1_183' title='bbox 939 3338 972 3390; x_wconf 89' lang='lat' dir='ltr'><strong>et</strong></span> <span class='ocrx_word' id='word_1_184' title='bbox 982 3348 1094 3391; x_wconf 86' lang='lat' dir='ltr'><strong>omnes</strong></span> <span class='ocrx_word' id='word_1_185' title='bbox 1108 3338 1284 3406; x_wconf 89' lang='lat' dir='ltr'><strong>tacuerunt,</strong></span> 
     </span>
     <span class='ocr_line' id='line_1_27' title="bbox 334 3426 1286 3513; baseline 0.002 -24"><span class='ocrx_word' id='word_1_186' title='bbox 334 3438 367 3489; x_wconf 89' lang='lat' dir='ltr'><strong>et</strong></span> <span class='ocrx_word' id='word_1_187' title='bbox 382 3427 512 3489; x_wconf 82' lang='lat' dir='ltr'><strong>verbum</strong></span> <span class='ocrx_word' id='word_1_188' title='bbox 527 3426 614 3491; x_wconf 87' lang='lat' dir='ltr'><strong>illius</strong></span> <span class='ocrx_word' id='word_1_189' title='bbox 628 3448 731 3511; x_wconf 86' lang='lat' dir='ltr'><strong>usque</strong></span> <span class='ocrx_word' id='word_1_190' title='bbox 745 3427 788 3491; x_wconf 90' lang='lat' dir='ltr'><strong>ad</strong></span> <span class='ocrx_word' id='word_1_191' title='bbox 801 3428 907 3491; x_wconf 88' lang='lat' dir='ltr'><strong>nubes</strong></span> <span class='ocrx_word' id='word_1_192' title='bbox 930 3427 1115 3511; x_wconf 88' lang='lat' dir='ltr'><strong>perducent.</strong></span> <span class='ocrx_word' id='word_1_193' title='bbox 1160 3428 1286 3513; x_wconf 89' lang='lat' dir='ltr'><strong>Pauper</strong></span> 
     </span>
     <span class='ocr_line' id='line_1_28' title="bbox 336 3526 1286 3610; baseline 0.005 -22"><span class='ocrx_word' id='word_1_194' title='bbox 336 3528 489 3610; x_wconf 88' lang='lat' dir='ltr'><strong>loquutus</strong></span> <span class='ocrx_word' id='word_1_195' title='bbox 503 3539 562 3603; x_wconf 86' lang='lat' dir='ltr'><strong>est,</strong></span> <span class='ocrx_word' id='word_1_196' title='bbox 578 3538 611 3593; x_wconf 91' lang='lat' dir='ltr'><strong>et</strong></span> <span class='ocrx_word' id='word_1_197' title='bbox 626 3528 759 3592; x_wconf 83' lang='lat' dir='ltr'><strong>dicunt:</strong></span> <span class='ocrx_word' id='word_1_198' title='bbox 797 3528 878 3602; x_wconf 89' lang='lat' dir='ltr'><strong>Quis</strong></span> <span class='ocrx_word' id='word_1_199' title='bbox 892 3539 941 3592; x_wconf 89' lang='lat' dir='ltr'><strong>est</strong></span> <span class='ocrx_word' id='word_1_200' title='bbox 955 3526 1031 3592; x_wconf 87' lang='lat' dir='ltr'><strong>hic?</strong></span> <span class='ocrx_word' id='word_1_201' title='bbox 1077 3530 1164 3593; x_wconf 86' lang='lat' dir='ltr'><strong>Etsi</strong></span> <span class='ocrx_word' id='word_1_202' title='bbox 1185 3532 1286 3595; x_wconf 83' lang='lat' dir='ltr'><strong>offen·</strong></span> 
     </span>
     <span class='ocr_line' id='line_1_29' title="bbox 335 3626 1286 3716; baseline 0.008 -27"><span class='ocrx_word' id='word_1_203' title='bbox 335 3626 427 3705; x_wconf 88' lang='lat' dir='ltr'><strong>derit,</strong></span> <span class='ocrx_word' id='word_1_204' title='bbox 442 3630 631 3693; x_wconf 79' lang='lat' dir='ltr'><strong>subvertunt</strong></span> <span class='ocrx_word' id='word_1_205' title='bbox 643 3630 745 3693; x_wconf 89' lang='lat' dir='ltr'><strong>illum.</strong></span> <span class='ocrx_word' id='word_1_206' title='bbox 777 3630 822 3693; x_wconf 85' lang='lat' dir='ltr'><strong>Et</strong></span> <span class='ocrx_word' id='word_1_207' title='bbox 848 3630 919 3693; x_wconf 84' lang='lat' dir='ltr'><strong>haec</strong></span> <span class='ocrx_word' id='word_1_208' title='bbox 935 3630 1064 3714; x_wconf 91' lang='lat' dir='ltr'><strong>quidem</strong></span> <span class='ocrx_word' id='word_1_209' title='bbox 1079 3642 1154 3695; x_wconf 86' lang='lat' dir='ltr'><strong>sunt</strong></span> <span class='ocrx_word' id='word_1_210' title='bbox 1162 3630 1286 3716; x_wconf 87' lang='lat' dir='ltr'><strong>judicia</strong></span> 
     </span>
     <span class='ocr_line' id='line_1_30' title="bbox 335 3729 1286 3816; baseline 0.006 -27"><span class='ocrx_word' id='word_1_211' title='bbox 335 3748 456 3805; x_wconf 91' lang='lat' dir='ltr'><strong>eorum,</strong></span> <span class='ocrx_word' id='word_1_212' title='bbox 472 3748 554 3811; x_wconf 90' lang='lat' dir='ltr'><strong>quos</strong></span> <span class='ocrx_word' id='word_1_213' title='bbox 568 3730 657 3793; x_wconf 89' lang='lat' dir='ltr'><strong>curia</strong></span> <span class='ocrx_word' id='word_1_214' title='bbox 671 3729 791 3809; x_wconf 90' lang='lat' dir='ltr'><strong>docuit,</strong></span> <span class='ocrx_word' id='word_1_215' title='bbox 817 3731 884 3793; x_wconf 90' lang='lat' dir='ltr'><strong>imo</strong></span> <span class='ocrx_word' id='word_1_216' title='bbox 909 3730 1051 3794; x_wconf 85' lang='lat' dir='ltr'><strong>omnium</strong></span> <span class='ocrx_word' id='word_1_217' title='bbox 1076 3732 1129 3816; x_wconf 91' lang='lat' dir='ltr'><strong>qui</strong></span> <span class='ocrx_word' id='word_1_218' title='bbox 1150 3731 1286 3816; x_wconf 71' lang='lat' dir='ltr'><strong>justitiae</strong></span> 
     </span>
     <span class='ocr_line' id='line_1_31' title="bbox 338 3826 1286 3914; baseline 0.008 -27"><span class='ocrx_word' id='word_1_219' title='bbox 338 3826 466 3891; x_wconf 82' lang='lat' dir='ltr'><strong>divitias</strong></span> <span class='ocrx_word' id='word_1_220' title='bbox 479 3826 665 3911; x_wconf 71' lang='lat' dir='ltr'><strong>preferant,</strong></span> <span class='ocrx_word' id='word_1_221' title='bbox 680 3842 713 3893; x_wconf 90' lang='lat' dir='ltr'><strong>et</strong></span> <span class='ocrx_word' id='word_1_222' title='bbox 732 3831 814 3892; x_wconf 88' lang='lat' dir='ltr'><strong>nihil</strong></span> <span class='ocrx_word' id='word_1_223' title='bbox 835 3832 945 3913; x_wconf 91' lang='lat' dir='ltr'><strong>potius</strong></span> <span class='ocrx_word' id='word_1_224' title='bbox 960 3830 1095 3907; x_wconf 87' lang='lat' dir='ltr'><strong>ducunt,</strong></span> <span class='ocrx_word' id='word_1_225' title='bbox 1115 3852 1210 3914; x_wconf 91' lang='lat' dir='ltr'><strong>quam</strong></span> <span class='ocrx_word' id='word_1_226' title='bbox 1230 3832 1286 3895; x_wconf 88' lang='lat' dir='ltr'><strong>ha·</strong></span> 
     </span>
     <span class='ocr_line' id='line_1_32' title="bbox 337 3926 1285 4013; baseline 0.006 -24"><span class='ocrx_word' id='word_1_227' title='bbox 337 3926 413 3990; x_wconf 88' lang='lat' dir='ltr'><strong>bere</strong></span> <span class='ocrx_word' id='word_1_228' title='bbox 438 3926 577 4007; x_wconf 80' lang='lat' dir='ltr'><strong>divitias,</strong></span> <span class='ocrx_word' id='word_1_229' title='bbox 603 3950 668 4013; x_wconf 93' lang='lat' dir='ltr'><strong>quo</strong></span> <span class='ocrx_word' id='word_1_230' title='bbox 694 3940 800 3993; x_wconf 85' lang='lat' dir='ltr'><strong>temen</strong></span> <span class='ocrx_word' id='word_1_231' title='bbox 833 3930 888 3991; x_wconf 83' lang='lat' dir='ltr'><strong>rix</strong></span> <span class='ocrx_word' id='word_1_232' title='bbox 913 3929 1035 4013; x_wconf 90' lang='lat' dir='ltr'><strong>aliquid</strong></span> <span class='ocrx_word' id='word_1_233' title='bbox 1060 3930 1203 3993; x_wconf 89' lang='lat' dir='ltr'><strong>inutilius</strong></span> <span class='ocrx_word' id='word_1_234' title='bbox 1228 3942 1285 3997; x_wconf 87' lang='lat' dir='ltr'><strong>est.</strong></span> 
     </span>
     <span class='ocr_line' id='line_1_33' title="bbox 339 4027 1289 4113; baseline 0.007 -26"><span class='ocrx_word' id='word_1_235' title='bbox 339 4027 458 4091; x_wconf 87' lang='lat' dir='ltr'><strong>Nullus</strong></span> <span class='ocrx_word' id='word_1_236' title='bbox 492 4030 624 4093; x_wconf 86' lang='lat' dir='ltr'><strong>istorum</strong></span> <span class='ocrx_word' id='word_1_237' title='bbox 653 4030 786 4105; x_wconf 84' lang='lat' dir='ltr'><strong>exultet,</strong></span> <span class='ocrx_word' id='word_1_238' title='bbox 816 4049 913 4113; x_wconf 90' lang='lat' dir='ltr'><strong>quum</strong></span> <span class='ocrx_word' id='word_1_239' title='bbox 944 4029 1105 4093; x_wconf 86' lang='lat' dir='ltr'><strong>Christum</strong></span> <span class='ocrx_word' id='word_1_240' title='bbox 1137 4028 1223 4093; x_wconf 83' lang='lat' dir='ltr'><strong>ridet</strong></span> <span class='ocrx_word' id='word_1_241' title='bbox 1254 4031 1289 4095; x_wconf 90' lang='lat' dir='ltr'><strong>iu</strong></span> 
     </span>
     <span class='ocr_line' id='line_1_34' title="bbox 338 4128 1290 4211; baseline 0.008 -23"><span class='ocrx_word' id='word_1_242' title='bbox 338 4128 439 4201; x_wconf 88' lang='lat' dir='ltr'><strong>terris,</strong></span> <span class='ocrx_word' id='word_1_243' title='bbox 456 4130 563 4191; x_wconf 86' lang='lat' dir='ltr'><strong>nullus</strong></span> <span class='ocrx_word' id='word_1_244' title='bbox 578 4150 687 4193; x_wconf 89' lang='lat' dir='ltr'><strong>eorum</strong></span> <span class='ocrx_word' id='word_1_245' title='bbox 702 4140 759 4207; x_wconf 90' lang='lat' dir='ltr'><strong>est,</strong></span> <span class='ocrx_word' id='word_1_246' title='bbox 774 4129 831 4211; x_wconf 91' lang='lat' dir='ltr'><strong>qui</strong></span> <span class='ocrx_word' id='word_1_247' title='bbox 842 4128 918 4193; x_wconf 83' lang='lat' dir='ltr'><strong>relit</strong></span> <span class='ocrx_word' id='word_1_248' title='bbox 935 4150 1008 4193; x_wconf 86' lang='lat' dir='ltr'><strong>eum</strong></span> <span class='ocrx_word' id='word_1_249' title='bbox 1021 4150 1093 4194; x_wconf 90' lang='lat' dir='ltr'><strong>cum</strong></span> <span class='ocrx_word' id='word_1_250' title='bbox 1106 4130 1290 4197; x_wconf 88' lang='lat' dir='ltr'><strong>homiuibus</strong></span> 
     </span>
     <span class='ocr_line' id='line_1_35' title="bbox 339 4228 1288 4313; baseline 0.008 -27"><span class='ocrx_word' id='word_1_251' title='bbox 339 4229 532 4305; x_wconf 75' lang='lat' dir='ltr'><strong>comoranti,</strong></span> <span class='ocrx_word' id='word_1_252' title='bbox 556 4228 665 4291; x_wconf 90' lang='lat' dir='ltr'><strong>nullus</strong></span> <span class='ocrx_word' id='word_1_253' title='bbox 689 4228 745 4311; x_wconf 89' lang='lat' dir='ltr'><strong>qui</strong></span> <span class='ocrx_word' id='word_1_254' title='bbox 776 4228 819 4291; x_wconf 92' lang='lat' dir='ltr'><strong>ad</strong></span> <span class='ocrx_word' id='word_1_255' title='bbox 844 4228 931 4292; x_wconf 91' lang='lat' dir='ltr'><strong>bona</strong></span> <span class='ocrx_word' id='word_1_256' title='bbox 952 4250 1049 4313; x_wconf 87' lang='lat' dir='ltr'><strong>opera</strong></span> <span class='ocrx_word' id='word_1_257' title='bbox 1070 4230 1288 4313; x_wconf 82' lang='lat' dir='ltr'><strong>proximorum</strong></span> 
     </span>
    </p>
   </div>
   <div class='ocr_carea' id='block_1_4' title="bbox 339 4325 1289 4414">
    <p class='ocr_par' dir='ltr' id='par_1_6' title="bbox 339 4325 1289 4414">
     <span class='ocr_line' id='line_1_36' title="bbox 339 4325 1289 4414; baseline 0.007 -25"><span class='ocrx_word' id='word_1_258' title='bbox 339 4325 506 4392; x_wconf 87' lang='lat' dir='ltr'><strong>decantet:</strong></span> <span class='ocrx_word' id='word_1_259' title='bbox 537 4330 650 4393; x_wconf 88' lang='lat' dir='ltr'><strong>Gloria</strong></span> <span class='ocrx_word' id='word_1_260' title='bbox 676 4330 710 4393; x_wconf 91' lang='lat' dir='ltr'><strong>in</strong></span> <span class='ocrx_word' id='word_1_261' title='bbox 737 4330 877 4394; x_wconf 83' lang='lat' dir='ltr'><strong>excelsis</strong></span> <span class='ocrx_word' id='word_1_262' title='bbox 900 4330 982 4409; x_wconf 91' lang='lat' dir='ltr'><strong>Deo,</strong></span> <span class='ocrx_word' id='word_1_263' title='bbox 1003 4342 1035 4395; x_wconf 88' lang='lat' dir='ltr'><strong>et</strong></span> <span class='ocrx_word' id='word_1_264' title='bbox 1059 4332 1092 4393; x_wconf 94' lang='lat' dir='ltr'><strong>iu</strong></span> <span class='ocrx_word' id='word_1_265' title='bbox 1118 4344 1200 4395; x_wconf 86' lang='lat' dir='ltr'><strong>terra</strong></span> <span class='ocrx_word' id='word_1_266' title='bbox 1222 4352 1289 4414; x_wconf 88' lang='lat' dir='ltr'><strong>pax</strong></span> 
     </span>
    </p>
   </div>
   <div class='ocr_carea' id='block_1_5' title="bbox 0 0 1738 5367">
    <p class='ocr_par' dir='ltr' id='par_1_7' title="bbox 0 0 1738 5367">
     <span class='ocr_line' id='line_1_37' title="bbox 0 0 1738 5367; baseline 0 0"><span class='ocrx_word' id='word_1_267' title='bbox 0 0 1738 5367; x_wconf 95' lang='lat' dir='ltr'><strong> </strong></span> 
     </span>
    </p>
   </div>
  </div>
 </body>
</html>
