3425 5367
666 767 890 812 emunctis,

352 916 383 979 A
397 938 462 1003 quo
474 926 542 981 tota
555 915 614 980 tibi
629 916 705 996 vita,
718 915 867 1001 salusque
879 916 985 979 detrrr.

309 1015 343 1081 Si
357 1016 453 1082 facies
466 1017 514 1085 illi
528 1029 585 1082 tue
598 1016 756 1103 displicet,
769 1017 856 1081 uude
871 1016 1036 1102 placebit?

349 1118 429 1203 Ejus
442 1120 477 1183 iu
491 1119 623 1185 arbitrio
632 1119 750 1205 jusque
764 1120 918 1205 furorque
931 1131 1076 1185 manent.

308 1218 404 1294 Quod
412 1220 561 1306 prohibet
571 1219 651 1295 fieri,
662 1218 765 1283 seelus
773 1230 836 1283 est:
852 1220 938 1306 quod
947 1220 1103 1307 precipit,
1114 1243 1257 1309 equum,

349 1321 492 1410 Jureque
506 1344 565 1409 pro
577 1321 696 1408 plecito
709 1332 861 1409 stentque
875 1322 1060 1410 ceduntque
1073 1345 1141 1388 ne.

308 1423 395 1490 Huic
408 1448 483 1513 quae
496 1425 564 1490 sole
577 1425 694 1511 placet,
709 1424 777 1489 sela
790 1425 911 1489 virtute
923 1426 1078 1511 placebis,

353 1527 439 1601 Quae
452 1526 512 1591 tibi
526 1526 553 1591 si
566 1526 660 1602 desit,
675 1538 793 1589 eaetere
807 1537 924 1590 cuncta
936 1540 1065 1592 uooeut

308 1624 389 1691 Jure
403 1625 490 1706 colit,
503 1646 616 1710 peeem
632 1624 754 1705 statuit,
768 1625 947 1712 fundatque
960 1628 1115 1712 quietem,

354 1727 399 1792 Et
412 1726 552 1792 tumidos
566 1726 674 1791 hostes
688 1736 797 1789 mente
811 1748 976 1813 manuque
989 1728 1110 1792 demet

313 1828 379 1894 Sed
392 1850 449 1894 seu
459 1830 534 1914 jure
548 1838 673 1905 voeeut,
689 1848 747 1891 seu
760 1827 911 1893 fulminet
924 1828 1009 1894 ensis
1022 1828 1057 1893 iu
1072 1829 1188 1905 hostes,

352 1932 426 1995 Non
441 1930 502 1996 uisi
515 1942 624 1996 unctu
638 1929 733 2014 gerit,
748 1952 813 1994 nou
828 1930 890 1994 uisi
904 1941 1014 1995 sancte
1027 1931 1152 2017 probet

310 2033 430 2099 Confer
442 2034 473 2098 ei
487 2054 695 2121 quoscunque
709 2032 818 2111 duces,
833 2054 1043 2121 quoscunque
1056 2044 1215 2120 potentes,

353 2135 450 2201 Plebs
464 2136 525 2200 erit
538 2136 599 2200 hoc
611 2135 679 2201 viso
692 2134 833 2199 maxima
845 2136 942 2201 turbs
954 2137 1085 2201 dueum.

311 2239 347 2305 Si
361 2261 451 2324 reges
466 2238 583 2313 videas,
599 2238 678 2325 quid
691 2238 733 2303 ad
747 2238 833 2302 huuc
847 2240 909 2303 uisi
923 2241 1041 2305 rustice
1054 2239 1173 2305 turbe?

352 2341 398 2407 Et
410 2342 505 2419 bene,
520 2341 546 2406 si
560 2341 623 2405 dici
639 2340 756 2405 rustica
769 2342 866 2406 turbe
878 2354 1013 2429 queunt.

312 2441 569 2531 Particulamque
583 2442 632 2507 tui
646 2454 904 2528 praemonstrens,
918 2444 1083 2529 experiere

353 2543 437 2619 Qure
449 2554 580 2609 maneat
592 2554 695 2609 totum
710 2543 824 2628 gratie,
838 2543 891 2607 vei
905 2546 977 2631 quis
990 2545 1102 2611 honor.

311 2646 345 2710 si
359 2645 465 2732 plueet
478 2646 559 2723 lime,
573 2656 659 2710 totus
673 2644 792 2729 poteris
805 2644 938 2709 sortasse
952 2656 1082 2731 putere:

354 2748 419 2813 Sed
433 2748 461 2813 si
474 2746 652 2831 displiceat,
666 2756 774 2809 cetera
786 2744 901 2809 claude
915 2756 1001 2829 toga.

310 2849 420 2913 Verbe
433 2848 601 2912 salutantis
614 2846 679 2910 sint
691 2846 813 2931 prime3
833 2846 969 2911 subinde
982 2847 1115 2926 facetus,

354 2952 407 3013 Te
421 2947 513 3013 debis
526 2947 699 3034 obsequiis,
713 2945 951 3033 hospitiumque
965 2958 1065 3034 petes

311 3047 386 3113 Nou
400 3048 505 3133 gravis
519 3047 633 3133 hospes
647 3046 719 3124 eris,
734 3057 879 3134 potuque
892 3047 1031 3136 ciboque
1055 3046 1220 3113 verendus

355 3149 498 3215 Sufficiet
512 3149 607 3215 vestis
621 3170 686 3213 nou
701 3149 844 3234 preciose
858 3149 928 3215 tibi.

312 3250 385 3317 Nou
398 3249 539 3316 onereris
552 3247 656 3337 equis,
672 3249 818 3334 phaleras
832 3271 894 3314 uec
907 3252 1011 3335 poscis
1023 3274 1193 3338 equorum,

352 3352 424 3418 Nee
437 3363 471 3417 te
486 3372 648 3417 servorum
664 3350 757 3436 eopia
769 3370 889 3433 magus
901 3352 1029 3436 premit

313 3452 456 3520 Sufficiet
468 3452 520 3519 rel
534 3452 741 3531 subdemus,
756 3451 907 3537 visusque
921 3450 1059 3537 petroni,

354 3554 435 3643 Ejus
448 3566 483 3621 et
495 3554 646 3642 elloquio,
661 3553 856 3641 consilioque
870 3552 944 3619 frui.

312 3657 413 3723 Curis
425 3656 503 3745 quid
517 3656 625 3743 possit,
639 3656 717 3743 quid
732 3667 838 3742 speret
851 3655 953 3741 plebs,
968 3653 1026 3719 ubi
1039 3656 1130 3741 regui

355 3758 460 3837 Vires,
474 3780 539 3823 uus
552 3758 666 3823 domus
679 3756 747 3821 sole
759 3756 875 3821 docere
888 3767 1002 3842 potest

314 3860 350 3927 si
363 3858 542 3925 develetem
558 3857 673 3923 faciem
688 3857 920 3934 monstraverit,
935 3868 1070 3923 autnon

355 3959 564 4047 Proestringst
578 3960 680 4025 visum
695 3959 834 4025 cassibus
848 3958 904 4023 ille
919 3970 1024 4035 tuum,

312 4062 403 4140 Quid
416 4062 541 4148 sepiens
554 4061 653 4127 stulto
667 4061 784 4141 differt,
798 4059 879 4149 quid
891 4082 1032 4147 paupere
1046 4060 1146 4142 dives,

355 4164 443 4241 Quid
457 4164 574 4229 misero
587 4162 688 4231 felix?
708 4164 734 4229 si
748 4163 832 4250 sepis
845 4185 922 4228 ecee
935 4162 1035 4229 vides.

316 4265 350 4330 Si
364 4266 460 4331 fuerit
473 4266 578 4343 iretur,
592 4266 701 4332 oculos
716 4288 873 4353 aureque
886 4265 1025 4331 libenter

359 4366 506 4454 Exponet
520 4368 613 4453 nugis
628 4368 756 4434 forsitan
772 4368 827 4433 ille
841 4366 914 4433 tuis.

762 4476 817 4530 u‘2
