3425 5367
329 714 399 760 cre.
415 698 464 778 x.]
694 713 948 759 consummans.
1243 700 1285 755 71

329 865 441 929 bilium
459 888 600 952 opernm,
615 866 718 953 ipsum
731 866 898 931 Christum
912 867 1016 928 Deum
1031 886 1098 925 esse
1112 875 1281 927 constaret.

330 966 427 1031 Unde
440 969 464 1030 J
465 970 616 1053 osephus:
641 968 720 1031 Fuit
731 980 838 1030 autem
850 966 962 1029 iisdem
974 965 1172 1050 temporibus
1182 966 1282 1027 «lesus

328 1067 450 1152 sapiens
474 1068 535 1143 vir,
560 1068 585 1131 si
608 1080 713 1131 tamen
739 1071 845 1131 virum
870 1090 943 1130 eum
966 1066 1128 1151 appellare
1150 1066 1200 1129 fas
1220 1079 1280 1130 est.

327 1170 406 1234 Erat
436 1171 521 1233 enim
550 1169 742 1233 mirabilium
772 1191 905 1254 operum
933 1168 1074 1247 effector,
1102 1168 1279 1253 doctorque

326 1270 491 1336 hominum
507 1294 630 1346 eorum,
642 1272 699 1356 qui
715 1271 850 1335 libenter
864 1293 940 1356 quae
951 1293 1025 1334 vera
1039 1289 1115 1334 sunt
1129 1270 1277 1345 audiunt,

325 1386 357 1437 et
373 1375 491 1438 multos
506 1372 637 1459 quidem
652 1377 673 1438 J
676 1374 852 1449 udaeorum,
868 1372 987 1435 multos
1007 1373 1105 1436 etiam
1120 1396 1161 1435 ex
1176 1375 1278 1455 genti-

324 1474 387 1538 bus
406 1476 465 1540 sibi
488 1475 646 1559 adjunxit.
677 1475 825 1540 Christus
846 1475 899 1537 hic
920 1487 999 1539 crat.
1028 1476 1128 1537 Hunc
1149 1498 1276 1539 accusa-

325 1576 411 1639 tione
426 1577 603 1661 primorum
618 1588 733 1639 nostrae
749 1576 853 1659 gentis
868 1575 1022 1651 virorum,
1037 1598 1137 1658 quum
1153 1577 1276 1640 Pilatus

324 1676 356 1740 in
373 1699 497 1740 crucem
514 1676 673 1759 agendum
689 1698 755 1739 esse
774 1676 975 1756 decrevisset,
989 1698 1052 1738 non
1067 1675 1277 1741 deseruerunt

324 1800 397 1843 eum
410 1778 455 1854 ht,
467 1778 522 1864 qui
535 1778 576 1840 ab
588 1777 681 1841 initio
692 1800 764 1841 eum
776 1777 964 1842 dilexerant.
996 1779 1161 1863 Apparuit
1170 1790 1274 1843 autem

323 1879 434 1943 discis
455 1880 548 1943 tertia
562 1880 677 1943 iterum
698 1879 800 1953 vivus,
817 1879 991 1943 secundum
1011 1878 1101 1964 quod
1121 1879 1275 1945 divinitus

321 1980 464 2066 inspirati
485 1980 660 2067 prophetae,
677 1980 726 2043 vel
750 1980 828 2059 haec,
843 1980 893 2043 vel
908 1980 971 2043 alia
991 1981 1032 2044 de
1046 2005 1085 2044 eo
1106 1982 1275 2047 innumera

320 2081 472 2147 miracula
488 2081 597 2147 futura
612 2104 679 2146 esse
702 2081 927 2167 praedixerant.
966 2083 1029 2146 Sed
1044 2097 1077 2147 et
1098 2083 1131 2145 in
1147 2082 1272 2148 hodier-

320 2203 395 2247 num
411 2182 495 2246 diem
512 2183 777 2263 Christianorum,
793 2188 849 2270 qui
863 2184 905 2247 ab
926 2208 965 2248 eo
983 2186 1162 2271 nuncupati
1182 2200 1268 2264 sunt,

320 2294 350 2346 et
366 2304 479 2349 nomen
495 2296 672 2370 perseverat
687 2296 719 2348 ct
734 2307 845 2369 genus.

363 2553 441 2637 Cap.
461 2560 509 2619 10.
532 2556 584 2619 De
606 2558 807 2639 Vespasiano,
821 2561 880 2638 qui
894 2559 1048 2620 cloudm
1063 2566 1095 2621 et
1108 2581 1226 2623 cacum

655 2679 786 2720 curasse
800 2660 930 2737 legatur.

360 2788 598 2851 Vespasium
614 2809 744 2871 quoque
763 2788 787 2848 J
789 2788 892 2851 udaeoe
914 2800 1119 2867 vastatorem,
1134 2806 1270 2877 patrem-

317 2910 380 2972 que
403 2886 484 2962 Titi,
501 2887 794 2971 Hierosolymorum
810 2889 943 2974 piissimi
958 2892 1122 2969 eversoris,
1138 2908 1176 2958 ut
1196 2898 1265 2981 qui-

315 2985 450 3051 busdam
474 2986 680 3071 scriptoribus
701 2988 835 3074 placuit,
856 2989 1092 3069 miraculorum,
1109 2993 1207 3079 signis
1225 2998 1267 3061 ad

313 3086 488 3153 faciendam
511 3088 681 3154 vindictam
698 3090 729 3153 in
751 3090 944 3168 nationibus,
961 3094 1022 3158 Dei
1044 3095 1166 3181 digitus
1180 3103 1266 3164 exci-

312 3190 403 3255 tavit.
443 3192 553 3277 Ipsum
571 3214 707 3278 namque
722 3194 856 3258 necdum
876 3195 1118 3282 Imperatorem,
1131 3201 1263 3287 quidam

311 3314 329 3354 e
356 3291 449 3378 plebe
483 3293 658 3359 luminibus
690 3296 833 3372 orbatus,
857 3299 998 3381 itemque
1027 3300 1110 3363 alius
1133 3303 1266 3368 claudus

311 3414 402 3458 crure
413 3395 538 3471 debilis,
551 3396 710 3460 sedentem
728 3419 785 3483 pro
801 3398 956 3461 tribunali
971 3400 1091 3484 pariter
1104 3402 1265 3481 adierunt,

310 3508 435 3561 orantes
448 3518 541 3583 opem
563 3496 749 3573 valetudini,
765 3522 803 3561 eo
823 3497 911 3583 quod
928 3498 987 3563 sibi
1008 3499 1091 3564 t'oret
1105 3500 1137 3563 in
1156 3502 1265 3588 quiete

311 3609 532 3673 monstratum,
547 3596 655 3661 oculos
670 3599 898 3675 restituendos,
908 3602 935 3663 si
949 3622 1003 3664 eos
1013 3599 1067 3663 ille
1081 3602 1262 3688 inspiceret,

309 3708 341 3761 et
361 3719 436 3763 crus
457 3697 553 3761 debili
576 3698 803 3777 roborandum,
819 3699 845 3764 si
867 3700 950 3765 illud
971 3702 1160 3787 dignaretur
1177 3707 1263 3771 calce

309 3800 503 3883 contingere.
534 3802 710 3865 Orantibus
724 3800 974 3881 amicis,invitus
989 3804 1073 3881 licet,
1086 3819 1262 3892 utrumque

309 3902 462 3975 tentavit3
487 3924 544 3965 nec
558 3902 662 3967 defuit
677 3918 817 3969 eventus.
857 3905 1033 3991 Imperium
1049 3929 1179 3993 quoque
1192 3910 1263 3993 ejus

308 4014 340 4065 et
357 4000 505 4067 interitus
521 4003 640 4069 Vitellii
661 4018 692 4069 et
710 4006 859 4085 Othonis,
871 4003 930 4091 qui
949 4005 1035 4069 l'oedo
1050 4006 1170 4069 Neroni
1192 4031 1262 4073 suc·

306 4118 473 4185 cesserant,
499 4104 646 4191 pluribus
674 4105 851 4173 coelestium
882 4107 980 4192 signis
1011 4108 1261 4193 pronunciatum

306 4214 366 4279 eat,
381 4216 413 4269 et
429 4228 489 4289 pro
503 4218 594 4291 parte
609 4206 783 4293 stupendis.
