3425 5367
267 805 276 821 ,
324 760 393 805 car.
409 740 491 822 xta]
667 756 919 802 ronrcuarrous.
1211 742 1275 800 319

325 932 400 975 vero
423 911 635 973 calumniatus
656 930 701 984 es,
723 908 950 972 condemnavit
970 928 1061 971 enm:
1089 917 1122 971 et
1139 908 1217 972 licet
1239 904 1280 973 de

324 1032 423 1096 poena
442 1012 583 1076 infamiae
604 1012 685 1074 nihil
705 1010 892 1095 subjecerit,
913 1018 1019 1073 tamen
1039 1019 1183 1093 potestas
1202 1010 1283 1092 legis

324 1110 473 1176 adsersus
503 1134 577 1176 eum
607 1110 819 1189 exercebitur,
854 1110 937 1174 adeo
977 1124 1011 1173 ut
1046 1111 1195 1195 importet
1228 1112 1278 1174 in·

324 1214 465 1278 samiam.

462 1384 544 1466 Cap·
563 1384 613 1448 14.
636 1383 689 1447 De
703 1383 829 1447 ratione
844 1384 1142 1446 instrumentorum.

368 1519 418 1581 Ar
434 1517 467 1582 in
487 1518 560 1599 ipsa
577 1516 798 1600 disquisitione
819 1517 958 1592 consilii,
987 1526 1050 1581 tam
1078 1518 1112 1579 in
1134 1518 1282 1583 civilibus

325 1640 421 1703 quam
450 1618 670 1682 criminalibus
695 1619 813 1693 causis,
840 1617 883 1680 ad
909 1618 1142 1683 examinandas
1165 1622 1280 1703 proba·

323 1721 441 1799 tiones,
452 1721 734 1784 instrumentorum
748 1721 829 1783 ratio
844 1721 994 1784 habenda
1004 1732 1062 1785 est.
1096 1720 1142 1784 Et
1151 1721 1279 1805 quidem

326 1823 538 1887 instrumenta
566 1821 718 1885 dicuntur
746 1822 868 1897 omnia,
895 1822 1013 1905 quibus
1043 1842 1141 1885 causa
1169 1822 1282 1885 instrui

323 1932 440 2004 potest,
460 1922 528 1984 sive
552 1922 616 1984 sint
635 1922 827 1999 testimonia,
848 1922 914 1985 sire
936 1932 1051 1986 testes:
1079 1922 1150 1986 hoec
1172 1930 1278 1986 tamen

324 2022 390 2086 illis
405 2024 529 2106 potiora
544 2034 628 2102 sunt,
640 2046 677 2086 eo
689 2024 776 2108 quod
791 2035 888 2087 testes
902 2025 1093 2088 testimoniis
1108 2025 1277 2109 praeferan-

323 2134 382 2188 tur.
425 2126 510 2187 Nam
526 2146 625 2209 quum
641 2136 737 2190 testes
752 2126 929 2189 examinari
946 2127 1081 2209 possint,
1098 2127 1278 2191 testimonia

324 2246 460 2311 semper,
483 2238 516 2290 et
537 2228 624 2311 apud
647 2249 759 2291 omnes
782 2228 896 2291 eadem
919 2238 1002 2291 sunt.
1047 2229 1087 2291 In
1109 2228 1181 2311 ipsa
1203 2248 1277 2293 vero

324 2328 451 2391 testium
476 2330 728 2406 examinatione,
754 2350 818 2391 non
842 2340 949 2411 potest
973 2350 1014 2391 ex
1038 2330 1147 2411 regula
1169 2329 1278 2413 aliqua

323 2426 464 2505 diffiniri,
475 2428 554 2511 quid
569 2429 671 2511 magis
681 2427 825 2512 judicem
841 2429 933 2512 sequi
948 2438 1103 2511 oporteat.
1141 2430 1175 2493 Si
1191 2431 1276 2493 enim

323 2551 435 2594 omnes
450 2541 546 2593 testes
561 2528 704 2613 ejusdem
726 2530 903 2593 honestatis
919 2540 950 2593 et
966 2530 1187 2593 aestimationis
1203 2532 1276 2609 sint,

323 2642 357 2696 et
377 2630 498 2713 negotii
520 2632 669 2715 qualitas,
691 2653 728 2695 ac
750 2630 874 2715 judicis
899 2642 1005 2695 motus
1027 2654 1101 2695 cum
1123 2632 1175 2695 his
1198 2654 1274 2696 con·

323 2732 465 2807 currerit,
481 2732 645 2816 sequenda
664 2745 739 2796 sunt
759 2733 868 2796 omnia
887 2732 1078 2797 testimonia.
1124 2734 1181 2797 Sin
1203 2755 1278 2799 vero

324 2834 457 2919 quidam
480 2856 590 2898 eorum
613 2832 701 2898 alind
723 2834 874 2913 dixerint,
891 2836 967 2897 licet
989 2834 1023 2897 in
1046 2836 1115 2919 pari
1133 2856 1279 2913 numero,

323 2936 518 2999 credendum
540 2936 695 3021 estquod
717 2947 839 3001 naturae
863 2936 984 3019 negotii
1007 2938 1170 3015 convenit,
1189 2937 1277 3023 qnod

323 3036 502 3101 inimicitiae
516 3050 571 3101 aut
587 3040 696 3119 gratiae
709 3038 892 3123 suspicione
908 3050 1003 3117 earet,
1015 3039 1277 3124 confirmabitque

318 3137 423 3224 judex
438 3151 559 3203 motum
575 3138 673 3203 animi
689 3140 739 3203 sui
754 3162 796 3203 ex
811 3140 1008 3222 argumentis
1023 3148 1056 3204 et
1075 3142 1277 3219 testimoniis,

324 3262 396 3324 quas
411 3242 457 3303 roi
472 3242 606 3325 aptiora,
620 3253 653 3305 et
676 3264 748 3305 sero
768 3242 964 3325 proximiora
985 3266 1054 3307 esse
1076 3243 1275 3327 compererit
1319 3280 1322 3287 .

323 3342 400 3405 Nou
422 3342 509 3405 enim
531 3341 573 3405 ad
599 3342 836 3407 multitudinem
861 3344 976 3427 respici
1000 3355 1133 3427 oportet,
1155 3344 1211 3407 sed
1234 3342 1274 3406 ad

323 3442 478 3507 sinceram
502 3440 631 3507 testium
653 3444 763 3523 fidem,
777 3458 809 3509 et
829 3446 1022 3524 testimonia,
1038 3446 1156 3531 quibus
1170 3444 1278 3529 potius

322 3544 381 3607 iux
395 3546 535 3609 veritatis
550 3546 679 3609 assistit.
725 3546 812 3629 Ipsis
827 3568 956 3631 quoque
974 3546 1277 3633 presumptionibus

322 3644 578 3729 frequentissime
607 3648 716 3723 stabit,
746 3648 850 3713 donec
888 3650 1038 3732 probetur
1073 3648 1274 3712 contrarium.

322 3746 409 3809 Nam
422 3758 454 3811 et
462 3748 625 3825 Salomon,
635 3769 733 3831 quum
745 3752 778 3813 iu
789 3751 893 3831 litigio
906 3752 1105 3814 meretricum
1121 3750 1273 3813 infantem

323 3845 425 3911 dividi
441 3850 659 3933 precepisset,
675 3852 819 3914 etaltera
841 3872 913 3913 eum
934 3854 1043 3914 mallet
1058 3852 1147 3914 alteri
1168 3852 1275 3915 tivum

321 3948 447 4023 cedere,
462 3951 534 4034 ipsa
548 3961 654 4015 tamen
669 3952 874 4027 reclamante,
890 3953 959 4015 Nec
976 3952 1053 4013 mihi
1068 3972 1129 4017 nec
1145 3953 1204 4015 tibi
1220 3953 1273 4029 sit,

321 4050 381 4115 sed
395 4051 563 4129 dividatur,
578 4054 626 4117 illi
649 4054 755 4116 visum
775 4054 928 4117 infantem
949 4052 1178 4117 restituendum
1198 4075 1275 4117 cen·

322 4152 397 4231 snit,
411 4174 483 4237 qum
501 4176 566 4217 non
589 4154 760 4239 acquievit,
780 4166 815 4217 ut
834 4156 924 4218 rivus
944 4168 1125 4219 moreretur.
1171 4159 1272 4239 Argu·

321 4264 430 4315 mento
459 4254 614 4337 siquidem
655 4254 815 4337 probabili
851 4255 1042 4333 trahebatur,
1071 4266 1106 4319 nt
1140 4266 1271 4319 matrem

326 4353 470 4421 crederet
489 4378 561 4439 quas
584 4357 760 4440 diligebat3
791 4378 889 4441 quum
911 4358 1094 4441 opinionem
1115 4356 1196 4441 ejus,
1216 4369 1271 4423 aut
