3425 5367
438 715 503 778 880
697 730 832 777 solutus
847 732 1127 779 sannssnmsums
1260 718 1341 798 [nm.
1358 740 1387 784 v.

439 882 623 946 hominibus
648 884 742 946 bonae
776 883 957 947 voluntatis.
1015 886 1090 949 Hoc
1127 886 1284 969 siquidem
1312 912 1388 953 can-

437 985 536 1048 ticum
551 994 599 1047 est
609 984 754 1048 fidelium
765 986 980 1068 prelatorum,
991 988 1047 1070 qui
1064 988 1219 1071 speciosis
1234 989 1390 1055 incedunt

438 1085 585 1169 pedibus,
610 1095 710 1148 etex
735 1107 774 1148 eo
798 1087 912 1163 beatis,
938 1086 1024 1170 quod
1051 1108 1165 1169 pacem
1192 1100 1327 1171 portant,
1355 1104 1388 1156 et

437 1207 551 1269 pacem
565 1186 784 1251 sanctimoniae
805 1188 937 1260 sociam,
964 1188 1033 1249 sine
1060 1210 1123 1271 qua
1147 1210 1243 1253 nemo
1268 1190 1390 1256 videbit

441 1288 556 1351 Deum.
601 1287 724 1350 Dicunt
743 1287 830 1351 ethi
856 1308 929 1351 cum
956 1289 1124 1371 sapientia,
1142 1287 1216 1374 quia
1236 1293 1322 1356 bona
1342 1305 1390 1356 est

437 1388 625 1465 substantia,
639 1389 691 1450 cui
706 1409 771 1449 non
794 1397 844 1451 est
868 1399 1035 1471 peccatum
1061 1391 1096 1453 in
1122 1391 1330 1469 conscientia,
1357 1404 1389 1455 et

437 1488 635 1573 nequissima
659 1499 831 1572 paupertas
856 1491 891 1551 in
927 1510 981 1553 ore
1011 1492 1112 1575 impii.
1157 1492 1332 1557 Clamitent
1356 1494 1389 1556 in

441 1590 572 1673 plateis:
589 1589 666 1672 quia
679 1591 794 1653 beatus
809 1591 856 1653 vir
871 1590 927 1674 qui
943 1590 1090 1655 inventus
1105 1602 1153 1655 est
1169 1593 1238 1655 sine
1250 1595 1389 1667 macula,

439 1699 472 1754 el
486 1690 541 1772 qui
555 1701 630 1773 post
650 1710 760 1753 aurum
776 1711 841 1753 non
866 1690 952 1754 abiit.
998 1692 1046 1754 Ac
1073 1692 1101 1754 si
1124 1705 1233 1774 aperte
1259 1693 1387 1758 dicant:

439 1791 594 1874 Quisquis
618 1792 652 1853 in
677 1812 808 1855 munere
833 1791 1006 1875 cujuslibet
1040 1793 1252 1873 magistratus,
1276 1814 1389 1857 aurum

440 1893 563 1977 quaerit,
578 1893 736 1955 maculam
749 1894 883 1967 invenit,
904 1893 972 1955 sine
1000 1912 1064 1975 qua
1090 1914 1149 1956 nec
1177 1894 1312 1977 acquiri,
1326 1916 1388 1959 nec

439 2014 510 2055 esse
525 2003 630 2076 potest
643 1992 729 2074 apud
740 1991 870 2054 avidum
886 2012 1111 2074 possessorem.
1150 1994 1232 2065 Quis
1247 2015 1389 2077 unquam

438 2094 609 2179 pecuniam
634 2093 704 2157 sine
729 2091 946 2155 sordidatione
970 2114 1123 2157 manuum
1149 2094 1294 2157 tractavit
1320 2094 1391 2159 diu·

438 2192 525 2257 tius?
581 2194 636 2255 Ex
670 2213 708 2255 ea
743 2203 849 2255 tamen
879 2202 964 2255 certe
994 2193 1100 2257 minus
1129 2214 1244 2257 manus
1273 2194 1390 2272 sordet,

439 2313 535 2375 quam
548 2292 681 2355 animus.
719 2292 751 2356 N
753 2292 806 2355 olo
820 2291 900 2355 mihi
913 2293 1068 2355 malorum
1084 2293 1255 2375 frigescant
1269 2294 1389 2372 limine,

441 2406 496 2461 aut
516 2393 556 2455 de
576 2413 651 2457 nare
672 2390 789 2457 canina
813 2414 927 2457 sonare
952 2392 1006 2457 hic
1029 2394 1122 2457 litera
1146 2392 1298 2473 videatur,
1325 2416 1390 2459 non

440 2516 526 2581 pono
558 2516 595 2557 os
628 2515 734 2558 meum
768 2495 802 2555 in
837 2494 967 2567 coelum,
1002 2506 1037 2557 ut
1072 2492 1113 2559 de
1148 2496 1303 2578 patribus,
1334 2496 1391 2581 qui

437 2599 547 2663 orbem
556 2596 717 2679 judicant,
732 2605 765 2658 et
779 2616 798 2658 a
812 2596 901 2657 nullo
911 2594 1097 2678 judicantur
1109 2597 1141 2659 in
1153 2598 1255 2673 terris,
1266 2595 1388 2680 aliquid

441 2697 557 2775 dicam,
589 2696 654 2759 nisi
686 2698 818 2779 plenum
853 2695 930 2772 fide,
962 2696 1105 2774 caritate,
1139 2708 1172 2761 et
1204 2698 1389 2761 reverentia

437 2800 554 2865 Dicam
578 2808 685 2863 tamen
710 2797 798 2881 quod
822 2817 931 2859 verum
965 2806 1025 2873 est,
1058 2796 1139 2861 adeo
1174 2809 1210 2863 ut
1237 2798 1268 2861 ei
1293 2819 1388 2863 nemo

439 2900 582 2965 fidelium
599 2899 713 2963 audeat
727 2898 885 2979 refragari,
902 2896 1007 2960 dicam
1023 2898 1112 2981 quod
1126 2898 1191 2982 ipsi
1202 2898 1389 2981 praedicent.

441 3006 569 3079 Dicam,
592 3002 736 3082 inquam,
762 2999 929 3083 quianon
958 3010 1065 3080 potest
1094 3000 1208 3065 civitas
1233 3000 1391 3065 abscondi

440 3126 537 3188 supra
558 3112 699 3167 montem
720 3102 836 3184 posita,
858 3113 890 3164 et
910 3122 1115 3185 nequaquam
1137 3104 1235 3167 latere
1257 3112 1393 3185 possunt

440 3207 584 3274 notitiam
598 3202 772 3286 publicam,
787 3222 859 3285 quoe
873 3203 907 3265 in
931 3213 1107 3284 conspectu
1123 3203 1265 3285 gentium
1292 3202 1389 3267 fiunt:

440 3307 600 3395 siquidem

544 3414 631 3467 Omne
641 3411 723 3465 animi
732 3411 825 3464 vitium
835 3415 908 3464 tanto
920 3410 1081 3482 conspectius
1091 3411 1120 3463 in
1130 3427 1159 3463 se

544 3498 651 3551 Crimen
660 3497 750 3560 habet,
762 3501 859 3565 quanto
869 3496 952 3567 major
963 3497 1007 3564 qui
1019 3500 1110 3567 peceat
1120 3495 1240 3548 habetur.

439 3596 495 3659 Sal
505 3615 632 3677 quoque
647 3594 837 3656 infatuatum
852 3592 895 3655 ed
918 3589 1055 3655 nihilum
1070 3592 1154 3655 valet
1168 3591 1263 3665 ultra,
1276 3589 1340 3652 nisi
1356 3598 1392 3653 nt

438 3695 623 3781 projiciatur
635 3692 731 3766 foras,
747 3703 779 3755 et
790 3692 997 3755 conculcetur
1012 3694 1053 3755 ab
1069 3691 1266 3770 hominihus,
1280 3700 1391 3773 utpote

439 3796 509 3860 vilis
532 3792 680 3879 abjectio,
704 3813 777 3877 quae
801 3812 862 3854 nec
889 3790 932 3855 ad
957 3794 1219 3856 stercorationem
1245 3811 1390 3873 agrorum

442 3893 581 3981 prodest.
627 3893 682 3957 Sel
710 3912 839 3975 quoque
866 3891 973 3953 orbem
997 3890 1136 3953 illustrat
1160 3887 1297 3973 plenius,
1321 3888 1395 3970 quia

440 4004 473 4059 iu
499 3994 651 4057 eminenti
673 4004 729 4056 est
775 3992 861 4067 Quid
885 3990 1005 4056 multa?
1052 3992 1159 4073 Opera
1185 3990 1394 4068 singulorum,

440 4092 658 4157 testimonium
677 4091 845 4173 perhibent
866 4090 906 4153 de
929 4091 984 4154 eis.
1032 4089 1086 4153 Sic
1113 4086 1243 4151 Samuel
1262 4106 1393 4167 operum

441 4192 625 4259 testimonio
636 4190 833 4275 justificatus
847 4202 904 4255 est.
944 4190 1008 4255 Sed
1023 4212 1064 4251 ne
1081 4188 1238 4250 videretur
1253 4187 1393 4270 populus

441 4297 473 4361 ei
487 4292 636 4371 blandiri,
651 4303 683 4357 et
705 4294 795 4377 quasi
816 4314 859 4357 ex
881 4293 991 4357 timore
1012 4291 1061 4354 vel
1083 4285 1211 4353 fallacia
1234 4288 1322 4352 salsae
1344 4287 1390 4349 in-
