3425 5367
448 672 512 731 2⁷8
717 689 854 733 Josnnrs
870 690 1150 737 ssrmsannmnsrs
1270 678 1353 758 [nra.
1370 698 1399 745 v,

448 837 508 901 tibi
523 851 651 902 auctore
668 838 816 915 Domino,
832 862 890 903 suo
905 844 975 904 loco
994 855 1025 906 et
1042 854 1184 927 tempore
1199 866 1301 930 quum
1318 870 1399 933 prae-

447 940 579 1025 ceperis,
594 938 784 1025 explanabo,
804 940 955 1026 adjiciens
976 942 1247 1023 indumentorum,
1268 960 1301 1011 et
1321 972 1399 1035 qno-

446 1041 583 1107 rundanr
609 1053 875 1107 sacramentorum
903 1041 1155 1126 significationes.
1202 1046 1267 1110 Hic
1290 1062 1396 1115 autem

446 1146 539 1228 plane
553 1142 643 1207 nulla
658 1153 706 1205 est
728 1141 840 1229 populi
862 1142 1057 1217 acclamatio,
1073 1144 1162 1209 nulla
1176 1152 1397 1235 consanguini-

445 1244 520 1308 tatis
542 1242 634 1318 ratio,
655 1242 744 1307 nulla
765 1242 1016 1329 propinquitatis
1037 1244 1149 1311 habita
1170 1250 1396 1335 contemplatio

444 1357 503 1409 est.
548 1347 681 1408 Mortuo
704 1342 866 1428 Salphaat,
880 1343 955 1407 filiae
969 1357 1133 1429 paternam
1149 1347 1237 1433 apud
1259 1353 1393 1435 Moysen

444 1446 613 1511 vendicant
642 1444 862 1510 hereditatem.
917 1445 1106 1511 Potitionem
1134 1470 1244 1513 aarum
1272 1453 1394 1537 justatn

443 1572 520 1624 esse,
536 1550 627 1613 Deus
649 1548 716 1634 ipse
738 1560 884 1613 testatur.
929 1548 1121 1634 Propinquis
1142 1572 1281 1639 namque
1302 1576 1394 1641 agro·

441 1673 525 1726 rum,
541 1663 572 1715 et
593 1649 786 1736 praediorum
810 1649 980 1716 baereditas
1002 1650 1212 1737 relinquenda
1234 1667 1293 1733 est,
1309 1670 1341 1721 et
1358 1672 1393 1725 ut

440 1753 616 1841 plurimum
642 1751 813 1817 actionum.
869 1752 1068 1819 Gubematio
1094 1776 1169 1818 vero
1194 1758 1317 1843 populi,
1345 1759 1392 1825 illi

440 1855 595 1921 tradenda
608 1867 667 1932 est,
682 1876 778 1940 quem
795 1857 886 1919 Deus
899 1854 1041 1939 elegerit,
1055 1855 1174 1920 homini
1190 1858 1307 1925 scilicet
1323 1862 1390 1938 tali,

439 1958 495 2043 qui
519 1957 614 2021 habet
637 1956 795 2043 Spiritum
819 1957 884 2021 Dei
907 1956 940 2021 in
963 1980 1007 2032 se,
1031 1969 1063 2021 et
1086 1972 1246 2045 proeoepta
1270 1961 1332 2026 Dei
1356 1967 1389 2028 in

437 2066 608 2140 conspectu
633 2053 703 2139 ejus
728 2066 813 2129 sunt,
837 2054 896 2137 qui
921 2056 1030 2141 Moysi
1052 2056 1146 2121 valde
1172 2072 1268 2125 notus
1290 2062 1331 2127 sit
1356 2077 1388 2130 et

435 2155 609 2236 familiaris,
624 2155 656 2217 id
677 2166 736 2234 est,
750 2158 783 2219 in
802 2178 871 2241 quo
893 2156 933 2220 sit
955 2156 1082 2222 claritas
1104 2158 1183 2245 legis
1197 2174 1229 2226 et
1248 2162 1388 2246 scientia,

435 2270 471 2323 ut
487 2257 608 2344 possint
622 2278 698 2321 eum
713 2256 824 2321 andire
838 2258 896 2321 filii
910 2259 1020 2324 Israel.
1055 2264 1124 2325 Nec
1139 2274 1244 2327 tamen
1261 2264 1384 2331 licitum

433 2372 481 2424 est
501 2361 608 2424 favore
630 2381 796 2434 uovorum,
817 2360 964 2423 recedere
982 2383 1003 2423 a
1021 2362 1176 2446 sauguine
1193 2366 1386 2453 principum,

433 2462 553 2550 quibus
566 2461 735 2549 privilegio
748 2462 868 2527 dirinae
887 2458 1113 2548 promissionis,
1129 2476 1160 2529 et
1170 2466 1246 2551 jure
1260 2471 1386 2553 generis

432 2566 570 2630 deletur
581 2563 736 2629 successio
746 2563 930 2645 liberorum,
942 2564 968 2630 si
981 2576 1086 2628 tamen
1100 2566 1148 2643 (ut
1160 2570 1384 2656 praescriptum

431 2672 495 2753 est)
511 2668 743 2733 ambulaverint
765 2668 798 2731 in
816 2667 953 2755 justitiis
968 2669 1110 2734 Domini.
1157 2670 1191 2734 Si
1207 2693 1283 2736 vero
1297 2696 1317 2737 a
1332 2675 1384 2739 via

429 2771 592 2858 paulisper
612 2769 810 2848 deflexerint,
833 2790 896 2833 non
920 2768 1025 2834 statim
1049 2792 1281 2859 usquequaque
1303 2776 1383 2862 deji-

430 2874 571 2952 ciuntur,
585 2872 640 2936 sed
662 2872 821 2957 patienter
841 2870 1060 2957 corripiuntur
1079 2871 1112 2935 in
1128 2872 1267 2958 justitia,
1282 2876 1382 2943 donec

428 2976 484 3039 {iat
499 2974 706 3059 conspicuum
720 2996 774 3036 eos
795 2972 973 3058 pertinaces
994 2994 1060 3036 esse
1074 2974 1107 3037 in
1126 2976 1219 3041 malo.
1267 2978 1381 3065 Neque

428 3074 511 3139 enirn
534 3074 678 3137 Roboam
700 3076 806 3137 statim
828 3096 979 3139 excussus
1001 3087 1050 3139 est
1065 3098 1084 3139 a
1098 3075 1177 3142 solio
1198 3080 1308 3164 patris,
1324 3084 1380 3147 sed

426 3200 466 3241 ex
488 3199 554 3263 quo
575 3175 732 3240 seniorum
758 3187 943 3261 contempto
967 3176 1108 3256 consilio,
1131 3180 1257 3245 recessit
1282 3205 1302 3245 a
1327 3184 1379 3247 via

426 3278 613 3355 Salomonis,
639 3302 720 3343 onus
747 3278 951 3365 importabile
980 3279 1089 3344 volens
1118 3280 1279 3367 imponere
1303 3282 1378 3349 filiis

427 3383 536 3448 lsrael.
559 3387 785 3448 Verumtamen
796 3381 926 3446 scissum
937 3391 984 3445 est
994 3404 1126 3467 regnum
1139 3384 1218 3469 ejus,
1229 3384 1376 3450 receden-

424 3473 512 3549 tibus
533 3483 640 3546 decem
662 3482 812 3547 tribubus
830 3494 903 3568 post
927 3484 1121 3549 Hieroboam
1144 3506 1269 3550 servum
1288 3487 1375 3551 Salo·

422 3585 535 3660 monis,
551 3586 745 3669 fueruntque
759 3606 858 3667 regna
879 3584 990 3661 divisa,
1007 3586 1084 3651 dum
1106 3608 1240 3673 regnum
1260 3588 1373 3655 habuit

423 3686 513 3749 Juda
527 3685 578 3749 vel
595 3684 704 3750 Israel.
751 3684 854 3749 Sensit
875 3708 952 3770 ergo
966 3687 1007 3752 de
1021 3690 1221 3753 contumacia
1236 3712 1373 3775 poenam,

422 3790 462 3852 de
482 3788 586 3873 gratia
606 3785 668 3851 Dei
688 3798 720 3851 et
739 3785 906 3872 privilegio
928 3792 1092 3875 sanguinis
1115 3791 1372 3869 misericordiam,

419 3906 454 3957 ut
471 3914 527 3956 rex
548 3890 678 3977 quidem
701 3901 854 3967 maneret,
870 3890 925 3954 sed
945 3912 1060 3976 magna
1079 3892 1168 3975 regni
1190 3904 1280 3977 parte
1302 3914 1372 3957 mn-

418 3994 540 4059 tilatus.
590 3992 688 4055 Unde
716 3992 776 4055 hoc
805 3990 877 4055 illi?
914 3993 998 4071 Quia
1023 3992 1199 4055 adhaeserat
1229 3992 1370 4060 consiliis

414 4098 584 4183 juvenum,
610 4106 813 4158 contemnens
838 4094 905 4157 vias
929 4106 961 4157 et
987 4106 1151 4178 praecepta
1174 4093 1365 4180 prudentiae.

417 4194 618 4285 Impossibile
640 4196 722 4260 enim
747 4208 806 4273 est,
830 4206 868 4260 ut
892 4194 1060 4259 salubriter
1081 4193 1229 4281 disponat
1252 4198 1367 4282 princi·

415 4313 538 4387 patum,
554 4297 609 4384 qni
625 4320 687 4362 non
703 4298 770 4384 agit
784 4295 916 4361 consilio
931 4296 1123 4381 sapientum.
1162 4300 1230 4377 Vae,
1245 4298 1365 4385 inquit,
