3425 5367
297 760 370 806 car.
387 745 448 824 vn]
650 762 906 808 roarcmrtcus.
1190 749 1253 807 279

299 922 393 975 terrra
414 913 506 998 cujus
527 934 584 975 rea
605 932 687 997 puer
708 924 767 990 est,
789 926 823 978 et
845 914 941 1000 cujus
966 910 1133 977 consiliarii
1158 932 1250 977 mane

297 1011 479 1077 comedunt.
516 1012 618 1077 Beata
628 1023 715 1077 terra
728 1014 822 1099 cujus
835 1034 893 1077 rex
909 1010 1024 1077 nobilis
1037 1023 1097 1089 est,
1109 1023 1141 1076 et
1156 1012 1251 1099 cnjus
1288 1072 1295 1089 ,

298 1112 458 1200 principes
472 1125 647 1179 vescuntur
667 1124 810 1201 tempore
824 1138 894 1196 suo,
909 1114 950 1179 ad
970 1114 1173 1179 refectionem
1188 1134 1252 1178 nou

298 1212 342 1278 ad
366 1213 539 1280 luxuriam.
591 1214 645 1280 lbi
669 1219 754 1280 enirn
777 1215 933 1301 sapientia
956 1238 1022 1281 esse
1047 1236 1111 1281 non
1136 1226 1252 1301 potest.

301 1314 389 1380 Hinc
407 1328 537 1381 sauctus
558 1316 643 1381 Job:
682 1318 847 1402 Sapientia
866 1316 923 1383 ubi
941 1317 1116 1394 invenitur,
1131 1328 1163 1381 et
1179 1316 1253 1402 quis

300 1428 348 1481 est
370 1417 458 1483 locus
478 1418 725 1503 intelligentias?
762 1418 871 1483 Nescit
896 1418 990 1483 homo
1011 1418 1150 1504 pretium
1173 1417 1256 1503 ejus,

301 1540 359 1583 nec
387 1520 551 1586 iuvenitur
578 1521 612 1584 iu
646 1532 733 1585 terra
761 1524 903 1586 suaviter
936 1520 1120 1587 viventium.
1179 1523 1254 1585 Nou

302 1621 485 1706 aequabitur
504 1622 533 1686 ei
554 1621 729 1688 labentium
749 1622 933 1709 quicquam,
947 1621 1087 1687 trahitur
1104 1624 1189 1687 enim
1209 1642 1255 1684 aa·

302 1721 423 1807 pientia
437 1722 478 1787 dc
492 1722 636 1788 occultis.
681 1724 795 1809 Longe
810 1722 921 1789 utilius
931 1726 1065 1811 juvenes
1079 1722 1257 1810 repulisset,

303 1824 507 1910 acquiescens
520 1825 651 1890 consilio
661 1824 830 1901 seniorum,
842 1826 941 1890 vitam
958 1824 1044 1889 beati
1055 1824 1122 1889 Job
1136 1823 1258 1888 habeus

303 1926 459 2012 regnandi
479 1927 625 1991 formam.
671 1927 763 1991 Audi
785 1948 863 2013 crgo
884 1926 964 2014 quid
987 1925 1028 1991 de
1051 1948 1085 1990 se
1106 1925 1257 1990 fateatur.

305 2027 443 2103 Quando
463 2028 609 2093 lavabam
631 2028 730 2115 pedes
752 2048 841 2093 meos
862 2028 993 2115 butyro,
1015 2040 1047 2091 et
1069 2039 1161 2113 petra
1185 2026 1259 2089 iun-

302 2129 400 2195 debat
416 2130 496 2195 mibi
517 2130 602 2195 rivos
620 2130 691 2197 olei.
737 2130 876 2207 Quando
895 2130 1104 2217 procedebam
1124 2128 1166 2193 ad
1185 2150 1259 2216 por-

303 2245 369 2297 tam
384 2232 534 2311 civitatis,
551 2247 585 2298 et
606 2233 640 2297 iu
659 2233 766 2321 platea
783 2233 969 2299 cathedram
990 2233 1146 2321 parabant
1168 2231 1258 2296 mibi.

305 2334 468 2401 Videbunt
483 2358 534 2399 me
550 2337 686 2421 juvenes
704 2348 737 2400 et
757 2335 1042 2412 abscondebantur,
1057 2347 1090 2399 et
1109 2356 1197 2399 senes
1212 2356 1259 2399 as·

306 2448 474 2522 surgentes
488 2436 626 2502 stabant.
665 2434 828 2522 Principes
841 2435 1008 2501 cessabant
1023 2432 1123 2519 loqui,
1138 2444 1170 2498 et
1185 2456 1260 2521 sup·

307 2536 468 2622 ponebant
482 2535 620 2621 digitum
640 2536 688 2600 ori
706 2558 775 2600 suo.
820 2536 937 2599 Vocem
959 2556 1047 2599 suam
1068 2534 1260 2600 cohibebant

306 2635 413 2711 dnces,
427 2647 461 2701 ct
475 2637 588 2723 lingua
605 2659 715 2702 eorum
739 2637 867 2724 gutturi
882 2658 940 2701 suo
954 2636 1148 2703 adhaerebat.
1194 2640 1259 2701 llu-

306 2734 351 2799 ris
364 2734 497 2802 audieus
510 2736 714 2803 beatificabat
727 2758 790 2815 me,
804 2749 838 2802 et
851 2734 963 2801 oculus
983 2734 1105 2817 videns,
1118 2735 1261 2801 testimo-

307 2840 397 2901 nium
419 2836 574 2903 reddebat
596 2838 686 2915 mibi,
707 2860 746 2902 eo
767 2840 855 2925 qnod
883 2837 1063 2903 liberassem
1088 2858 1260 2923 pauperem

309 2938 547 3016 vociferantem,
561 2952 595 3005 et
614 2940 775 3026 pupillum
791 2941 845 3005 cui
860 2962 923 3005 non
938 2952 1007 3005 erat
1021 2938 1160 3025 adjutor.
1199 2938 1261 3003 Re·

309 3037 449 3103 uadictio
472 3040 607 3125 perituri
632 3062 729 3127 snper
754 3062 806 3105 me
830 3040 990 3119 veniebat,
1017 3052 1050 3105 et
1074 3061 1129 3103 eor
1154 3038 1262 3103 viduae

309 3139 491 3205 consolatus
512 3164 593 3207 sum.
629 3142 654 3205 J
656 3142 766 3208 ustitia
785 3141 922 3209 indutus
941 3164 1023 3224 sum,
1037 3154 1070 3207 et
1085 3140 1198 3206 vestivi
1213 3162 1263 3205 me

310 3242 394 3309 sicut
409 3242 607 3325 vestimento,
621 3256 655 3309 et
674 3244 854 3311 diademate
872 3244 996 3331 judicio
1017 3266 1098 3309 meo.
1142 3242 1265 3307 Oculus

309 3343 360 3409 tui
381 3367 476 3422 caeco,
497 3359 531 3412 et
552 3368 609 3433 pes
628 3346 752 3412 claudo.
798 3348 896 3411 Pater
916 3368 1002 3411 eram
1025 3364 1215 3432 pauperum,
1233 3356 1265 3407 et

310 3468 436 3513 cansam
452 3468 548 3535 quam
564 3448 753 3525 nesciebam,
769 3446 1009 3534 diligentissime
1024 3444 1265 3531 investigabam.

311 3550 524 3629 conterebam
555 3550 701 3619 molares,
718 3550 835 3637 iniqui,
865 3562 898 3615 et
928 3551 968 3615 de
995 3547 1150 3614 dentibus
1179 3545 1266 3611 illius

311 3650 495 3717 auferebam
520 3652 675 3739 praedam.
720 3652 959 3737 Dicebamques
998 3652 1038 3719 ln
1060 3649 1173 3715 nidulo
1194 3668 1267 3713 mco

311 3753 442 3830 moriar,
456 3766 489 3819 et
504 3754 587 3820 sicut
600 3756 708 3843 palma
721 3754 942 3843 multiplicabo
956 3753 1034 3819 dies.
1072 3752 1181 3817 Radix
1197 3772 1267 3815 mea

312 3866 423 3939 aperta
443 3866 492 3919 est
514 3876 605 3920 secus
627 3878 736 3943 aquas,
751 3868 783 3921 et
805 3878 857 3919 ros
876 3854 1053 3919 morabitur
1066 3854 1099 3917 in
1116 3851 1268 3915 messione

310 3974 391 4021 maa.
436 3955 549 4021 Gloria
568 3978 639 4021 mea
653 3978 777 4043 semper
790 3954 1007 4029 innovabitur,
1022 3968 1054 4019 et
1069 3974 1162 4017 arcus
1176 3974 1267 4017 maus

313 4054 347 4119 iu
360 4077 457 4122 mauu
472 4079 545 4124 mea
562 4057 806 4124 instaurabitur.
851 4056 916 4135 Qui
932 4078 983 4121 me
997 4054 1183 4131 audiebant,
1199 4076 1269 4118 seu-

314 4155 446 4221 tentiam
461 4158 685 4244 expectabaut,
699 4170 733 4222 et
746 4156 860 4222 intenti
878 4156 1024 4222 tacebant
1039 4154 1080 4219 ud
1102 4152 1269 4219 consilium

314 4277 432 4323 meum.
479 4257 591 4323 Verbis
604 4259 684 4323 meis
704 4258 823 4325 addere
836 4258 917 4323 nibil
936 4258 1109 4334 audebant,
1125 4268 1157 4321 et
1172 4276 1270 4341 super

316 4356 387 4423 illos
402 4356 543 4425 stillabat
557 4358 718 4445 eloquium
730 4382 847 4427 meum.
886 4359 1110 4446 Expectabant
1125 4380 1176 4423 me
1190 4356 1272 4421 sicut
