3425 5367
428 726 471 785 60
680 738 817 784 ioannis
832 736 1111 783 saansaanreusrs
1246 721 1329 802 [nra.
1347 740 1385 785 11.

429 883 504 974 Ego
526 888 714 953 sententiam
729 900 761 953 et
786 889 978 954 verissimam
998 900 1031 953 et
1052 886 1269 954 fidelissimam
1293 901 1383 977 puto.

429 988 516 1069 Quid
542 992 626 1054 enim
652 990 750 1055 refert
776 990 817 1055 ad
841 989 1099 1076 consequentiam
1122 1011 1238 1066 rerum,
1262 993 1384 1078 siquis

427 1090 523 1155 semel
537 1104 594 1156 aut
609 1091 747 1178 amplius
761 1091 1007 1156 sternutaverit?
1030 1089 1121 1166 Quid
1137 1095 1163 1155 si
1178 1093 1383 1159 oscitaverit?

428 1192 515 1271 Quid
531 1193 668 1280 denique
688 1195 714 1259 si
729 1193 954 1279 undecumque
974 1216 1084 1259 sonum
1108 1194 1271 1259 emiserit?
1302 1198 1384 1260 Haec

428 1308 534 1360 tamen
556 1318 598 1362 ex
619 1296 723 1361 causis
744 1318 825 1383 quas
846 1294 975 1381 Physici
998 1310 1166 1373 noverunt,
1182 1296 1384 1383 aliquatenus

426 1396 468 1461 td
483 1420 555 1461 eum
571 1396 731 1484 pertinent
746 1398 828 1461 circa
843 1420 941 1483 quem
956 1396 1049 1461 fiunt.
1079 1400 1172 1475 Esto,
1188 1398 1266 1462 dum
1281 1397 1384 1463 aliena

428 1518 525 1583 opera
549 1498 716 1585 impedire,
739 1511 796 1563 aut
821 1520 1007 1584 promovere
1030 1520 1094 1561 nou
1116 1512 1246 1584 queant.
1292 1498 1382 1563 Sicut

426 1620 484 1666 nec
506 1598 612 1663 inania
632 1599 783 1675 carmina,
798 1610 854 1663 aut
878 1598 1107 1684 superstitiosae
1129 1599 1278 1684 quaedam
1301 1598 1398 1683 liga-⁴

428 1712 521 1779 turre,
534 1724 608 1787 quae
625 1713 693 1766 tota
703 1700 898 1765 medicorum
915 1714 1000 1763 secta
1014 1699 1214 1781 condemnat,
1225 1699 1298 1763 licet
1313 1699 1382 1763 haec

426 1800 496 1888 ipsa
510 1826 530 1867 a
542 1802 735 1889 quibusdam
749 1802 948 1866 eminentiori
960 1801 1099 1888 quodam
1116 1802 1243 1866 nomine
1251 1801 1384 1888 physica

428 1902 547 1969 soleant
578 1903 741 1990 appellari.
793 1903 966 1989 Physicum
997 1904 1113 1968 etenim
1142 1904 1266 1983 dicunt,
1291 1903 1384 1989 cujus

429 2004 642 2069 occultissima
657 2004 740 2071 ratio
755 2016 815 2081 est,
830 2016 868 2067 ut
883 2006 1023 2071 humano
1038 2026 1131 2068 seusu
1147 2016 1283 2089 nequeat
1300 2024 1384 2067 com-

427 2106 592 2193 prehendi.
638 2105 729 2171 Nihil
757 2105 875 2170 etenim
905 2118 964 2186 est,
993 2104 1046 2171 rel
1075 2105 1124 2181 fit,
1154 2109 1247 2193 cujus
1275 2118 1382 2169 ortum

427 2206 570 2292 legitima
591 2228 697 2283 causa,
713 2217 744 2270 et
767 2204 849 2270 ratio
868 2228 932 2269 non
954 2206 1155 2291 praecedant:
1187 2220 1219 2271 et
1241 2219 1279 2271 ut
1301 2205 1382 2269 alius

428 2306 484 2383 ait,
501 2304 591 2371 Nihil
606 2305 643 2371 lit
657 2305 690 2369 in
707 2317 792 2369 terra
806 2305 873 2368 sine
888 2328 993 2370 causa.
1030 2306 1165 2371 Constat
1180 2306 1289 2393 itaque
1305 2307 1382 2392 quia

427 2408 559 2475 artificis
579 2422 703 2473 naturae
718 2430 847 2471 menum
870 2408 950 2472 nihil
964 2408 1083 2474 evadit.
1127 2410 1261 2494 Exque
1275 2430 1382 2471 conse-

428 2523 562 2597 quenter
586 2523 674 2597 patet
699 2512 741 2576 ad
769 2510 934 2596 physicam
963 2510 1070 2575 omnia
1097 2510 1265 2597 pertinere.
1309 2511 1382 2594 Ego

427 2612 557 2699 quidem
569 2636 763 2699 quocunque
776 2612 871 2677 modo
885 2611 946 2675 ista
956 2636 990 2677 se
1005 2613 1153 2693 habeant,
1162 2612 1383 2675 indubitanter

427 2715 522 2779 credo
539 2715 594 2781 illa
609 2715 675 2781 sola
695 2738 757 2780 non
774 2739 842 2781 esse
863 2716 1053 2801 respuenda,
1068 2739 1142 2803 quae
1161 2738 1202 2779 ex
1224 2713 1287 2777 lide
1306 2736 1381 2799 pro-

427 2806 570 2901 reniunt,
585 2832 617 2885 et
640 2818 824 2885 referuntur
846 2818 888 2882 ad
902 2818 1036 2905 gloriam
1059 2816 1285 2905 omnipotentis
1300 2815 1378 2890 Dei;

422 2942 528 3004 quum
545 2920 698 3007 scriptum
716 2920 870 2997 noverim,
884 2921 992 2983 omnia
1006 2943 1208 3007 quaecunque
1224 2920 1258 2983 in
1273 2941 1379 3006 opere,

425 3020 476 3084 vel
498 3022 594 3085 verbo
611 3020 763 3098 feceritis,
778 3021 811 3083 iu
834 3019 961 3083 nomine
983 3019 1116 3085 Domini
1137 3021 1242 3096 facite,
1259 3022 1291 3084 in
1314 3042 1379 3107 quo

426 3122 492 3187 sola
508 3122 560 3185 via
575 3120 711 3185 hominis
725 3133 941 3207 prosperatur.
974 3121 1028 3185 Sic
1041 3121 1183 3184 omnium
1198 3136 1378 3187 sanctorum

426 3224 522 3289 turba
537 3223 706 3310 praecessit.
752 3222 958 3287 Guthbertus
973 3220 1104 3307 signifer
1119 3220 1250 3305 quidam
1273 3226 1380 3304 gentis

427 3336 544 3391 nostrae
565 3324 598 3411 in
621 3324 691 3410 lege
708 3323 837 3390 Domini
861 3323 1074 3411 Evangelium
1096 3319 1255 3383 Johannis
1270 3342 1379 3405 super-

425 3428 564 3511 ponebat
575 3428 719 3509 infirmis,
728 3439 759 3492 et
770 3428 974 3491 curabantur.
1001 3423 1094 3487 Beati
1105 3421 1258 3507 Stephani
1270 3420 1379 3487 tunica

426 3532 627 3615 superposita
643 3541 802 3593 mortuum
825 3528 998 3592 suscitavit.
1037 3523 1225 3611 Symbolum
1241 3528 1378 3611 Aposto-

425 3628 530 3693 lorum
543 3628 784 3703 daemonincum,
795 3652 814 3692 a
825 3652 890 3711 quo
900 3627 1097 3714 gestabatur,
1108 3626 1242 3691 curavit.
1266 3627 1379 3690 Oratio
1395 3674 1398 3679 -

425 3730 593 3795 Dominica
616 3730 732 3805 herbis,
756 3730 833 3795 dum
861 3729 1051 3816 legebantur
1076 3743 1132 3794 aut
1154 3728 1315 3793 dabantur
1336 3750 1376 3791 ex

425 3830 489 3895 lide
500 3831 598 3909 dicta,
609 3830 779 3919 saepissime
790 3832 926 3897 contulit
937 3845 1085 3919 optatum
1097 3831 1207 3896 salutis
1217 3830 1376 3894 effectum.

428 3930 546 3999 Beatus
558 3934 751 4000 Benedictus
767 3936 857 4021 signo
869 3936 971 4001 crucis
986 3958 1042 4000 vae
1056 3933 1255 3999 mortiferum
1270 3932 1378 4017 fregit,

425 4056 462 4097 ac
480 4036 507 4098 si
524 4057 583 4120 pro
605 4034 695 4119 signo
712 4034 850 4121 lapidem
873 4036 1058 4100 intorsisset.
1096 4034 1248 4120 Capitula
1269 4035 1377 4097 Evan-

424 4134 500 4219 gelii
519 4147 653 4221 gestata,
676 4139 726 4200 rel
747 4135 876 4215 audita,
892 4136 942 4199 vel
959 4137 1056 4216 dicta,
1077 4135 1283 4200 inveniuntur
1304 4156 1377 4219 pro-

424 4234 522 4301 fuisse
544 4235 799 4323 quamplurimis.
846 4238 928 4304 Haec
950 4234 1098 4321 equidem
1120 4248 1153 4299 et
1179 4233 1292 4299 similia
1314 4256 1378 4297 non

426 4337 521 4404 modo
536 4337 632 4415 licita,
648 4338 703 4403 sed
719 4351 750 4403 et
763 4338 931 4404 utilissima
942 4351 1026 4403 sunt.
1059 4338 1134 4403 Alia
1145 4360 1220 4403 vero
1233 4358 1295 4400 non
1313 4350 1377 4401 tam
