3425 5367
64 707 78 743 ¹
304 755 465 831 esunt]
639 770 896 818 rosuonarrcus.
1196 757 1256 818 ast

304 922 497 1008 quibusdam
519 921 598 987 dum
620 921 811 1001 allevantur,
832 921 964 1009 dejectis
986 933 1016 986 et
1033 921 1178 987 miserius
1199 923 1255 989 de·

300 1023 450 1109 jiciendis
471 1026 624 1112 scriptum
648 1037 713 1090 est:
743 1023 803 1090 lsti
826 1035 1051 1110 regnaverunt,
1073 1035 1106 1088 et
1128 1045 1190 1088 non
1213 1048 1255 1090 ex

304 1147 378 1201 mc;
401 1127 559 1214 principes
577 1129 766 1203 extiterunt,
786 1140 820 1193 ct
843 1150 905 1214 ego
924 1125 1081 1212 ignoravi,
1103 1137 1136 1190 et
1158 1125 1254 1190 alibi:

306 1227 469 1294 Teueutes
482 1229 584 1314 legem
599 1229 779 1295 nescierunt
793 1228 990 1316 sapientiam.
1036 1229 1166 1294 Timent
1181 1251 1258 1313 ergo

306 1330 454 1417 prinecps
474 1331 661 1409 Dominum,
676 1343 708 1396 et
723 1354 756 1396 se
770 1344 920 1419 prompto
934 1330 1115 1397 bumilitate
1130 1329 1256 1407 mentis,

306 1444 339 1497 et
349 1435 405 1517 pia
414 1433 609 1498 exhibitione
617 1437 734 1520 operis,
741 1455 869 1498 serrum
879 1433 1077 1521 profiteatur.
1099 1433 1258 1499 Dominus

306 1536 424 1598 etenim
455 1536 538 1600 servi
568 1534 717 1600 dominus
738 1549 796 1601 cst.
853 1535 958 1600 Servit
979 1535 1090 1620 itaque
1120 1533 1259 1598 Domirm

308 1635 467 1722 princeps,
488 1636 566 1700 dum
588 1637 748 1702 conservis
769 1637 846 1716 suis,
876 1636 1012 1703 subditis
1041 1634 1159 1700 seilicet
1188 1636 1260 1716 sibi,

309 1736 446 1803 fideliter
467 1738 573 1803 eerrit.
617 1737 680 1806 sed
698 1751 730 1801 et
752 1737 927 1803 Dominum
950 1740 1056 1802 Deum
1079 1759 1147 1801 esse
1161 1758 1259 1822 agno·

309 1850 387 1916 scat,
402 1838 454 1904 cui
468 1861 531 1903 nou
551 1839 626 1925 plus
640 1839 762 1903 timoris
775 1861 816 1903 ex
835 1839 1013 1926 majestate,
1032 1859 1129 1924 quum
1145 1837 1261 1902 amoris

310 1961 352 2004 ex
380 1940 499 2026 pietate
528 1940 745 2006 exhibendum
776 1954 836 2007 est.
884 1942 982 2006 Pater
1001 1939 1123 2005 etenim
1146 1952 1206 2017 est,
1228 1951 1260 2004 et

312 2038 364 2106 cui
373 2041 624 2117 nullacreatur'a‚
637 2041 738 2128 ipsius
748 2041 884 2106 iaciente
891 2043 1014 2118 merito,
1027 2063 1143 2126 negare
1154 2051 1260 2127 potest

310 2141 489 2208 dilectionis
502 2147 662 2209 affectum.
707 2143 741 2210 Si
762 2167 850 2230 ergo,
864 2143 984 2230 inquit,
1011 2141 1160 2206 dominus
1179 2164 1262 2218 sum,

311 2244 367 2310 ubi
380 2257 429 2310 est
443 2245 655 2311 timormeus:
681 2245 715 2310 Si
729 2260 821 2333 pater
830 2269 914 2327 sum,
929 2246 986 2310 ubi
997 2257 1045 2310 est
1055 2265 1145 2308 amor
1153 2247 1263 2310 meus?

311 2347 419 2413 Verbo
432 2369 563 2434 quoquc
576 2347 657 2434 legis
668 2348 887 2414 ‘custodienda
901 2361 987 2428 sunt,
1001 2347 1089 2433 quod
1105 2370 1144 2411 ex
1160 2347 1265 2432 primo

312 2448 436 2514 timoris
459 2450 575 2534 gradu,
601 2449 741 2536 quadam
767 2451 860 2537 quasi
882 2449 1042 2514 virtutum
1065 2448 1162 2526 wala,
1180 2449 1265 2513 felici

313 2549 456 2636 procedit
485 2572 624 2616 ascensus
669 2551 818 2628 Dilectio‚
847 2549 965 2637 inquit,
995 2549 1092 2628 illius,
1121 2551 1267 2615 custodia

313 2652 422 2739 legum
443 2663 502 2729 est,
524 2652 603 2738 quia
631 2653 734 2718 omnis
756 2652 911 2740 sapientia
933 2653 1028 2718 timor
1052 2653 1183 2717 Domini
1207 2666 1263 2718 est.

314 2755 414 2818 Porro
430 2753 487 2841 qui
507 2755 599 2821 timet
619 2753 738 2834 Deum,
752 2755 847 2820 faciet
866 2755 961 2833 bona,
977 2769 1009 2821 et
1032 2756 1089 2842 qui
1105 2757 1269 2821 continens

314 2867 363 2920 est
373 2855 521 2941 justitie,
541 2856 758 2943 apprehendet
779 2855 878 2936 illam,
893 2869 925 2922 et
946 2857 1090 2923 obviabit
1111 2858 1155 2922 illi
1177 2857 1269 2945 quasi

315 2968 418 3022 mater
445 2956 626 3022 honorifica.
671 2958 734 3024 Sed
758 2981 832 3046 quse
854 2959 962 3035 rerba,
992 2958 1158 3046 diligentia
1180 2971 1269 3024 tanta

316 3057 496 3123 custodiet?
518 3058 728 3145 Utiquequoe
737 3073 898 3148 precepta
910 3062 1028 3125 suntin
1041 3061 1121 3146 lege,
1132 3073 1167 3126 ut
1182 3060 1268 3147 apud

317 3157 499 3246 Principem
525 3159 591 3224 iota
613 3161 663 3224 rel
678 3183 760 3246 apex
786 3161 866 3248 legis
886 3185 949 3227 non
971 3161 1066 3228 cadat
1090 3163 1268 3238 interram,

317 3260 406 3346 quod
434 3283 497 3326 uon
526 3260 580 3326 ille
608 3262 757 3349 propriis,
791 3263 842 3328 rel
871 3263 1020 3328 manibus
1054 3263 1268 3348 subjectorum

316 3361 466 3446 exu'piat.
511 3363 595 3428 Sunt
608 3375 716 3428 autem
731 3374 893 3449 praecepta
906 3362 1069 3450 quaedam,
1084 3373 1268 3448 perpetuam

318 3463 469 3530 babentia
482 3465 710 3545 necessitatem,
724 3465 812 3552 apud
827 3487 937 3530 omnes
947 3478 1059 3550 gentes
1073 3463 1226 3550 legitima,
1238 3476 1271 3529 et

318 3589 392 3652 quoe
406 3567 535 3631 omniuo
548 3566 681 3652 impune
695 3566 775 3632 solvi
790 3588 854 3630 non
875 3579 1019 3654 possunt.
1065 3567 1153 3630 Ante
1169 3564 1270 3650 legem

320 3666 472 3752 sublege,
483 3667 545 3732 sub
554 3669 668 3754 gratia,
682 3689 792 3734 omues
805 3667 858 3732 les
871 3689 934 3732 una
942 3666 1131 3752 constringit
1143 3692 1151 3733 ι
1175 3667 1272 3742 Quod

319 3769 380 3834 tibi
395 3791 458 3834 non
474 3769 522 3835 ris
535 3769 616 3848 tieri,
631 3770 686 3836 alii
707 3793 749 3837 ne
763 3771 895 3844 ieceris3
919 3784 951 3836 et
966 3769 1055 3857 quod
1072 3768 1131 3834 tibi
1147 3769 1274 3834 visfieri

320 3870 513 3950 faciendum,
535 3872 595 3938 boc
616 3873 713 3938 iacias
738 3873 818 3938 aliis.
881 3871 1060 3936 Procedant
1087 3893 1172 3935 nunc
1187 3870 1274 3936 deal·

321 3973 447 4038 batores
468 3987 648 4061 potentum,
671 3988 848 4054 susurrent,
878 3949 1059 4038 iim&
1074 3993 1188 4058 parurn
1212 3987 1272 4049 est,

322 4073 450 4158 publice
473 4089 696 4162 proeoonentur
720 4075 897 4163 principem
928 4093 991 4138 uon
1015 4095 1082 4138 esse
1108 4071 1171 4158 legi
1198 4073 1274 4138 sub-

318 4175 453 4260 jectum,
468 4189 500 4241 et
516 4176 602 4264 quod
617 4176 774 4264 eiplacet,
788 4197 851 4240 non
863 4173 999 4239 modoin
1011 4175 1087 4262 jure
1099 4173 1273 4239 secundum

322 4275 455 4340 formam
470 4278 631 4364 equitatis
645 4276 821 4354 condendo,
843 4275 898 4342 sed
915 4275 1179 4363 qualitercunque
1195 4273 1275 4356 legis

324 4375 616 4463 babere'rigorcm.
669 4383 790 4466 Regem
817 4399 912 4464 quem
937 4374 1017 4464 legis
1042 4377 1178 4442 nexibus
1201 4375 1275 4440 sub·

371 4499 442 4544 vot.
459 4499 510 4545 m.
790 4501 813 4546 s
