3425 5367
446 689 487 750 92
706 701 841 747 Joaxxrs
857 698 1137 746 sanusaaamnsrs
1265 681 1346 761 [mn.
1362 701 1400 746 11.

445 853 508 920 Sed
524 875 596 917 ecce
610 849 825 938 privilegium,
835 852 924 938 quod
939 853 1035 914 homo
1045 851 1187 915 conferre
1199 874 1262 914 non
1277 853 1398 938 potuit,

444 953 626 1037 singillatim
649 953 761 1018 datum
784 967 832 1017 est
855 953 993 1032 Danieli,
1008 965 1044 1016 ut
1067 952 1098 1014 in
1121 951 1224 1015 lucem
1247 952 1398 1033 proderet

444 1055 615 1140 aenigmata
640 1055 846 1134 somniorum,
872 1067 906 1119 et
933 1054 1072 1118 Domino
1095 1054 1237 1118 dictante
1268 1055 1396 1118 umbras

444 1156 617 1221 discuteret
642 1157 829 1242 figurarum.
875 1161 922 1222 Ut
950 1179 1024 1220 vero
1052 1156 1251 1220 familiaritas
1280 1156 1397 1222 divinae

444 1260 554 1344 gratim
569 1258 748 1324 evidentius
762 1259 936 1339 illucescat,
950 1258 1027 1344 quid
1044 1281 1099 1322 rex
1114 1259 1146 1320 in
1162 1270 1262 1324 strato
1276 1259 1396 1322 cubans

444 1360 666 1446 praecogitaret
689 1359 830 1444 agnovit,
844 1372 877 1423 et
899 1358 1096 1423 meditationi
1111 1359 1178 1422 risa
1198 1372 1397 1439 connectens,

443 1461 631 1547 mysterium
659 1461 781 1541 salutis,
808 1461 896 1545 quod
922 1461 1038 1525 umbra
1061 1461 1281 1537 obnubilabat,
1304 1475 1337 1525 ct
1362 1461 1394 1524 in

444 1565 505 1628 fine
534 1564 723 1630 saeculorum
753 1564 948 1650 completum
981 1577 1040 1641 est,
1069 1577 1125 1626 aut
1158 1563 1393 1649 complendum,

442 1667 617 1752 prudenter
630 1666 789 1750 exposuit.
834 1666 956 1731 Siccine
971 1665 1071 1728 solent
1091 1666 1284 1750 conjectores
1298 1665 1393 1730 etiam

443 1768 651 1854 cogitationes
665 1780 826 1844 excutere,
842 1780 874 1830 ct
896 1767 1026 1830 umbras
1047 1767 1221 1843 exinanire,
1236 1766 1395 1852 explicare

442 1869 617 1949 involucra,
632 1883 663 1932 et
687 1869 844 1933 illustrare
868 1870 1013 1932 tenebras
1032 1869 1230 1952 figurarum?
1262 1867 1296 1932 Si
1320 1869 1395 1955 quis

443 1982 490 2032 est
516 1969 572 2053 qui
598 1967 668 2053 pari
693 1967 806 2052 gratiae
831 1967 999 2052 privilegio
1024 1966 1173 2051 gaudeat,
1198 1967 1327 2032 accedat
1352 1967 1392 2030 ad

444 2069 623 2148 Danielem,
646 2081 678 2132 et
704 2068 838 2154 Joseph,
862 2082 894 2131 et
919 2068 1062 2132 similiter
1086 2089 1159 2131 cum
1183 2069 1230 2132 eis
1254 2069 1393 2133 Domino

442 2172 632 2259 gratuletur.
672 2173 774 2248 Quem
787 2194 862 2234 vero
874 2171 1017 2235 veritatis
1028 2171 1157 2257 spiritus
1168 2196 1230 2236 non
1242 2173 1394 2252 illustrat,

443 2275 482 2338 de
507 2288 574 2338 arte
591 2273 785 2338 somnolenta
809 2273 930 2337 frustra
945 2273 1087 2350 confidit,
1103 2297 1204 2359 quum
1229 2296 1280 2339 ars
1293 2278 1394 2339 omnis

442 2376 557 2440 habeat
578 2399 597 2440 a
621 2388 734 2440 natura
756 2376 922 2461 originem,
938 2376 979 2440 ab
995 2399 1055 2441 usu
1070 2390 1101 2440 et
1128 2377 1247 2440 ratione
1269 2399 1393 2463 proces-

443 2503 523 2543 sum.
568 2480 665 2544 Ratio
681 2479 800 2542 veroin
818 2480 1008 2544 histantum
1024 2481 1184 2544 delectum
1208 2483 1339 2568 patitur,
1355 2499 1393 2546 ut

443 2601 507 2664 quo
533 2602 565 2642 se
587 2590 700 2659 vertat,
715 2579 795 2665 quid
815 2579 953 2666 judicet,
968 2580 1159 2666 plerumque
1181 2581 1309 2644 omnino
1331 2604 1393 2644 non

440 2682 567 2745 babeat.
605 2678 702 2754 Quod
714 2681 842 2766 quidem
856 2704 956 2767 quum
967 2679 1150 2768 frequenter
1159 2682 1294 2759 eveniat,
1303 2683 1392 2746 facil-

441 2782 515 2847 lime
534 2807 574 2847 ex
598 2782 708 2870 paucis
731 2783 902 2870 colligitur.
950 2783 1099 2849 Solicitus
1122 2784 1264 2870 quidam,
1278 2807 1391 2848 nomen

440 2884 555 2950 etenim
581 2909 600 2947 a
623 2885 774 2948 memoria
797 2885 928 2966 excidit,
943 2888 1003 2950 etsi
1027 2886 1216 2950 narrationis
1231 2901 1391 2951 auctorem

440 3009 591 3069 magnum
619 2999 741 3050 teneam
768 2987 996 3070 Augustinum,
1023 2987 1053 3048 in
1081 3010 1115 3048 re
1140 2988 1240 3052 dubia
1266 3011 1390 3052 sensum

440 3088 571 3150 alterius
585 3088 637 3148 cui
653 3109 719 3148 rem
736 3101 868 3148 noverat
883 3108 949 3147 esse
964 3098 1085 3159 notam,
1102 3109 1216 3170 magna
1239 3089 1392 3154 instantia

440 3187 499 3252 sibi
523 3185 706 3272 postulabat
732 3186 860 3270 exponi.
915 3187 1024 3262 Quum
1050 3209 1125 3248 vero
1146 3186 1226 3250 alter
1255 3192 1394 3272 petentis

440 3287 634 3355 desiderium
656 3287 919 3374 promissionibus
943 3288 1161 3372 protraxisset,
1177 3301 1208 3351 et
1234 3287 1328 3351 unius
1343 3289 1391 3354 in-

440 3393 556 3458 stantia
586 3391 793 3457 deluderetur
828 3390 1001 3454 calliditate
1031 3390 1172 3468 alterius,
1201 3388 1315 3454 accidit
1353 3406 1391 3457 ut

439 3495 548 3558 eadem
565 3506 657 3557 nocte
673 3493 792 3578 pariter
808 3492 1011 3566 somniarent,
1023 3492 1103 3554 alter
1118 3491 1205 3576 quod
1221 3513 1286 3554 rem
1302 3517 1390 3578 quae.

439 3595 530 3659 sitam
558 3597 677 3679 petenti
708 3604 891 3676 exponeret,
918 3591 998 3656 alter
1026 3592 1115 3677 quod
1142 3594 1171 3656 ei
1200 3617 1220 3657 a
1248 3593 1390 3659 doctiore

437 3695 678 3779 diligentissime
688 3703 912 3778 exponeretur.
950 3696 1149 3780 Factumque
1162 3708 1222 3774 est,
1235 3709 1271 3760 ut
1287 3719 1387 3781 quum

439 3798 553 3862 umbra
575 3794 691 3882 quietis
706 3807 915 3872 evanesceret,
932 3818 964 3858 se
979 3798 1147 3861 miraretur
1162 3797 1215 3861 ille
1230 3799 1271 3862 ad
1294 3799 1391 3862 scien-

439 3902 526 3976 tiam,
554 3921 649 3987 quam
677 3897 731 3962 diu
763 3897 953 3984 quaesierat,
969 3899 1034 3962 sine
1060 3899 1198 3964 doctoris
1228 3902 1389 3978 beneficio,

438 4002 591 4089 nulloque
604 4003 653 4066 sui
665 4000 816 4065 exercitio
831 4001 1016 4086 pervenisse.
1051 4002 1176 4066 Deinde
1191 4026 1292 4089 quum
1304 4026 1390 4067 more

439 4104 531 4168 solito
546 4104 632 4190 apud
648 4103 821 4168 doctiorem
845 4118 967 4189 ageret,
984 4118 1021 4168 ut
1037 4105 1097 4168 sibi
1120 4107 1310 4190 promissum
1331 4106 1391 4169 sol-

439 4219 577 4281 veretur,
596 4207 676 4294 jam,
691 4206 797 4294 inquit
813 4205 949 4285 doctior,
963 4205 1084 4270 factum
1100 4221 1146 4271 est
1162 4207 1250 4292 quod
1271 4208 1390 4292 petisti,
1413 4281 1417 4286 ,

438 4331 539 4396 quum
562 4332 600 4373 ea
613 4322 703 4374 necte
720 4321 756 4374 ut
780 4307 926 4372 docerem
951 4311 1143 4373 accesserim.
1190 4308 1271 4384 Quis
1293 4307 1388 4392 hujus
