3425 5367
322 750 396 795 eur.
413 728 475 816 1v.]
661 743 916 791 rourcnanons.
1233 718 1274 779 21

323 913 383 981 est,
397 903 424 964 si
438 903 571 964 honesta
587 921 685 963 cansa
705 898 912 981 praecesserit.
950 894 1032 967 Quis
1047 900 1154 955 tamen
1170 886 1275 951 homi-

320 1022 398 1066 uum
424 1022 607 1085 canumque
636 999 817 1063 construxit
841 996 1029 1071 exercitum,
1055 1003 1181 1055 utnon
1207 1001 1275 1051 tam

319 1126 388 1182 sua,
414 1126 508 1188 quam
536 1102 642 1167 aliena
672 1102 801 1178 virtute,
826 1121 901 1162 cum
926 1097 1037 1161 bestiis
1063 1090 1274 1157 dimicarent?

321 1204 464 1279 Quidni?
503 1204 664 1268 infelicem
694 1202 863 1267 bestiolam
893 1202 1097 1285 lepusculum
1125 1194 1271 1259 timidum

319 1318 410 1371 tanto
425 1307 559 1370 fortusse
576 1304 773 1389 praedabitur
788 1317 954 1389 apparatu.
991 1302 1028 1365 Si
1047 1322 1121 1363 vero
1140 1297 1273 1363 clariore

320 1408 441 1491 praeda,
451 1428 546 1470 cervo
558 1406 638 1469 torte
649 1408 703 1469 vel
715 1426 805 1487 apro,
814 1405 998 1468 venantium
1007 1403 1100 1465 labor
1111 1396 1274 1470 effulserit,

322 1508 361 1571 tit
388 1509 522 1591 plausus
551 1507 773 1580 intolerabilia,
803 1508 951 1568 exultant
977 1514 1150 1579 venatores,
1175 1508 1275 1580 caput

322 1608 444 1693 praedae
467 1619 500 1671 et
523 1606 681 1670 solemnia
704 1605 852 1689 quaedam
876 1604 982 1689 spolia
1007 1600 1278 1684 triumphantibus

322 1708 542 1793 preferuntur,
554 1726 662 1787 regem
679 1705 913 1789 Cappadocum
925 1714 1051 1787 captum
1068 1700 1191 1763 eredas.
1221 1697 1276 1761 Sic

322 1810 503 1876 cornicines
517 1821 550 1872 et
565 1809 713 1872 tibicines
734 1808 844 1872 videas
861 1808 1001 1871 victoriae
1021 1807 1152 1888 gloriam
1170 1802 1277 1865 decla·

324 1934 401 1976 rare.
440 1913 509 1975 tttis
531 1920 679 1974 moestum
702 1910 818 1973 indicit
838 1909 957 1973 semina
978 1920 1074 1991 capta
1096 1906 1277 1981 silentium

322 2015 374 2077 vel
389 2014 415 2077 si
432 2014 511 2077 torte
533 2011 642 2097 praeda
661 2013 809 2090 nobilior,
825 2011 1144 2076 circumvenientium
1165 2007 1275 2091 potius

322 2116 442 2191 fraude,
457 2136 553 2198 qnam
569 2114 688 2178 viribus
703 2124 932 2197 prosternatur.
976 2114 1011 2177 Si
1027 2113 1207 2195 capreolus,
1223 2112 1275 2172 vel

323 2218 415 2300 lepus
437 2216 601 2294 ceciderit,
623 2217 777 2301 triumphi
803 2218 906 2299 gloria
926 2225 1091 2299 reputatur
1114 2214 1276 2294 indignus.

323 2320 480 2387 Preterea
494 2321 535 2382 ab
551 2330 664 2382 octavo
680 2319 781 2402 gradu
796 2320 986 2403 capricorni,
1001 2339 1104 2402 usque
1119 2315 1161 2378 ad
1177 2315 1276 2396 gemi-

324 2441 394 2497 nos,
410 2420 578 2484 tibicinum
602 2432 634 2483 et
656 2422 854 2485 cornicinum
877 2422 1034 2483 exultatio
1053 2416 1276 2501 conquiescit;

325 2518 387 2581 nisi
406 2521 502 2603 lupus
522 2530 578 2582 aut
597 2519 699 2581 bostis
719 2520 901 2593 immanior,
919 2520 970 2580 leo
993 2520 1084 2592 forte,
1103 2520 1156 2580 vel
1176 2517 1279 2596 tigris,

326 2631 381 2685 aut
391 2620 523 2705 pardus,
532 2621 565 2681 in
574 2619 717 2701 praedam
725 2620 859 2695 venerit,
868 2637 941 2701 quae
950 2619 1080 2699 quidem
1089 2628 1279 2688 nostratum,

326 2719 400 2782 Deo
419 2718 628 2801 propitiante,
647 2738 717 2779 rara
737 2714 915 2797 gloriaest,
936 2738 1034 2798 quum
1054 2728 1161 2777 tamen
1181 2715 1280 2776 totius

328 2820 404 2882 anni
432 2817 599 2900 prolixitas
623 2817 719 2881 variis
743 2816 927 2879 venantium
954 2816 1070 2880 studiis
1095 2826 1280 2898 occupetur.

326 2918 446 2982 Albani
466 2916 598 3001 quidem
619 2918 654 2979 in
669 2918 745 2980 Asia
768 2938 867 2981 canes
887 2919 1009 2982 habeut
1029 2920 1179 3002 leonibus
1193 2920 1280 2980 sorti-

326 3040 412 3083 ores:
436 3040 492 3083 eos
509 3019 622 3082 virtute
638 3040 765 3097 canum,
779 3030 813 3084 et
827 3042 894 3084 suae
909 3022 1015 3103 gentis
1028 3022 1176 3094 artificio,
1188 3022 1279 3106 quasi

325 3122 471 3185 imbelles
486 3121 640 3183 bestiolas
660 3124 863 3203 populantur.
901 3125 1045 3189 Canibus
1066 3125 1198 3207 quidem
1212 3124 1279 3186 illis

324 3224 412 3285 nulla
426 3222 561 3285 serarum
577 3223 697 3300 sortior,
712 3225 800 3287 nulla
815 3227 989 3287 animosior
1003 3238 1060 3288 est
1107 3223 1179 3289 Hos
1194 3227 1279 3288 Her·

325 3326 413 3388 cules
432 3324 611 3403 tergemino
631 3324 773 3387 Gerione
795 3327 891 3395 victo,
915 3328 957 3387 ab
981 3325 1077 3387 Italia
1096 3327 1223 3409 trajecit
1243 3328 1278 3389 in

326 3426 446 3502 Asiam,
457 3426 504 3488 eis
519 3424 665 3487 virtutem
682 3446 746 3509 qua
760 3427 872 3489 leones
886 3434 1074 3503 sternerent,
1085 3426 1175 3509 quasi
1189 3426 1279 3488 bere-

326 3526 472 3591 diteriam
496 3526 731 3609 derelinquens.
777 3528 826 3590 Ad
853 3530 923 3592 hac
948 3527 1145 3591 carnificium
1168 3548 1279 3591 eorum

326 3638 424 3691 artem
439 3628 552 3709 exigit,
568 3638 602 3690 et
616 3638 716 3690 artem
730 3629 817 3705 facit,
833 3652 927 3693 suum
940 3631 1040 3694 habet
1053 3629 1215 3712 opificem,

504 3732 709 3785 Chironomenta
720 3733 817 3786 volenti
830 3734 954 3801 cultello,

326 3852 412 3893 nunc
433 3830 573 3913 pugione
594 3830 715 3906 stricto,
731 3853 818 3894 nnnc
838 3833 990 3897 hebetata
1010 3834 1170 3896 machaera
1187 3834 1281 3897 mira·

327 3930 457 4008 bilis,si
475 3940 506 3993 te
522 3950 601 3993 casu
623 3931 787 3993 solemniis
807 3952 918 3995 eorum
937 3932 1106 4013 contigerit
1119 3933 1281 3997 interesse.

328 4030 416 4094 Care
432 4040 540 4093 tamen
556 4052 596 4091 ne
612 4030 749 4093 Martem
764 4032 920 4116 loquendi
939 4034 1037 4095 verbo
1052 4034 1165 4117 quovis
1180 4035 1281 4097 offen·

329 4130 407 4208 das;
433 4130 510 4213 quia
524 4142 579 4192 aut
595 4132 772 4212 vapulabis,
788 4144 843 4193 aut
862 4131 1128 4197 condemnaberis
1144 4134 1281 4197 inscitia

328 4232 487 4293 bonorum
512 4232 666 4310 omnium,
691 4232 718 4293 si
744 4254 854 4295 eorum
879 4232 1034 4315 figmenta
1057 4256 1122 4297 non
1147 4231 1284 4295 noveris.

331 4330 415 4394 Haec
424 4342 499 4395 sunt
509 4333 708 4413 temporibus
717 4334 833 4395 nostris
843 4334 989 4395 liberalia
998 4334 1155 4395 nobilium
1167 4328 1284 4407 studia,
