<?xml version="1.0" encoding="UTF-8"?>
<!DOCTYPE html PUBLIC "-//W3C//DTD XHTML 1.0 Transitional//EN"
    "http://www.w3.org/TR/xhtml1/DTD/xhtml1-transitional.dtd">
<html xmlns="http://www.w3.org/1999/xhtml" xml:lang="en" lang="en">
 <head>
  <title>
</title>
<meta http-equiv="Content-Type" content="text/html;charset=utf-8" />
  <meta name='ocr-system' content='tesseract 3.04.00' />
  <meta name='ocr-capabilities' content='ocr_page ocr_carea ocr_par ocr_line ocrx_word'/>
</head>
<body>
  <div class='ocr_page' id='page_1' title='image "./operaomnianuncp04johngoog_0328.png"; bbox 0 0 3425 5367; ppageno 0'>
   <div class='ocr_carea' id='block_1_1' title="bbox 335 726 1287 807">
    <p class='ocr_par' dir='ltr' id='par_1_1' title="bbox 335 726 1287 807">
     <span class='ocr_line' id='line_1_1' title="bbox 335 726 1287 807; baseline -0.008 -16"><span class='ocrx_word' id='word_1_1' title='bbox 335 748 406 793; x_wconf 78' lang='lat' dir='ltr'>car.</span> <span class='ocrx_word' id='word_1_2' title='bbox 421 729 512 807; x_wconf 72' lang='lat' dir='ltr'>xus]</span> <span class='ocrx_word' id='word_1_3' title='bbox 678 742 929 791; x_wconf 71' lang='lat' dir='ltr'>mercatrices.</span> <span class='ocrx_word' id='word_1_4' title='bbox 1224 726 1287 786; x_wconf 77' lang='lat' dir='ltr'>tta</span> 
     </span>
    </p>
   </div>
   <div class='ocr_carea' id='block_1_2' title="bbox 331 892 1292 4413">
    <p class='ocr_par' dir='ltr' id='par_1_2' title="bbox 331 892 1292 4413">
     <span class='ocr_line' id='line_1_2' title="bbox 340 892 1291 981; baseline -0.006 -20"><span class='ocrx_word' id='word_1_5' title='bbox 340 900 442 975; x_wconf 88' lang='lat' dir='ltr'>suerit,</span> <span class='ocrx_word' id='word_1_6' title='bbox 458 900 525 961; x_wconf 80' lang='lat' dir='ltr'>sive</span> <span class='ocrx_word' id='word_1_7' title='bbox 540 920 598 981; x_wconf 89' lang='lat' dir='ltr'>pro</span> <span class='ocrx_word' id='word_1_8' title='bbox 613 918 675 959; x_wconf 88' lang='lat' dir='ltr'>me.</span> <span class='ocrx_word' id='word_1_9' title='bbox 721 897 805 959; x_wconf 90' lang='lat' dir='ltr'>Nam</span> <span class='ocrx_word' id='word_1_10' title='bbox 832 895 860 957; x_wconf 91' lang='lat' dir='ltr'>si</span> <span class='ocrx_word' id='word_1_11' title='bbox 880 892 1006 977; x_wconf 83' lang='lat' dir='ltr'>judices</span> <span class='ocrx_word' id='word_1_12' title='bbox 1032 913 1090 975; x_wconf 89' lang='lat' dir='ltr'>pro</span> <span class='ocrx_word' id='word_1_13' title='bbox 1106 913 1202 955; x_wconf 88' lang='lat' dir='ltr'>cansa</span> <span class='ocrx_word' id='word_1_14' title='bbox 1217 912 1291 957; x_wconf 89' lang='lat' dir='ltr'>mea</span> 
     </span>
     <span class='ocr_line' id='line_1_3' title="bbox 339 990 1289 1078; baseline -0.005 -16"><span class='ocrx_word' id='word_1_15' title='bbox 339 1000 507 1075; x_wconf 80' lang='lat' dir='ltr'>senserint,</span> <span class='ocrx_word' id='word_1_16' title='bbox 521 998 602 1060; x_wconf 89' lang='lat' dir='ltr'>nihil</span> <span class='ocrx_word' id='word_1_17' title='bbox 622 998 683 1060; x_wconf 90' lang='lat' dir='ltr'>tibi</span> <span class='ocrx_word' id='word_1_18' title='bbox 698 1018 739 1059; x_wconf 82' lang='lat' dir='ltr'>ex</span> <span class='ocrx_word' id='word_1_19' title='bbox 759 994 918 1059; x_wconf 87' lang='lat' dir='ltr'>sententia</span> <span class='ocrx_word' id='word_1_20' title='bbox 938 990 1117 1069; x_wconf 85' lang='lat' dir='ltr'>debebitur,</span> <span class='ocrx_word' id='word_1_21' title='bbox 1132 994 1208 1078; x_wconf 86' lang='lat' dir='ltr'>quia</span> <span class='ocrx_word' id='word_1_22' title='bbox 1228 1014 1289 1074; x_wconf 81' lang='lat' dir='ltr'>ego</span> 
     </span>
     <span class='ocr_line' id='line_1_4' title="bbox 340 1094 1290 1179; baseline -0.003 -19"><span class='ocrx_word' id='word_1_23' title='bbox 340 1102 463 1175; x_wconf 85' lang='lat' dir='ltr'>vicero;</span> <span class='ocrx_word' id='word_1_24' title='bbox 478 1101 505 1163; x_wconf 92' lang='lat' dir='ltr'>si</span> <span class='ocrx_word' id='word_1_25' title='bbox 530 1109 641 1163; x_wconf 88' lang='lat' dir='ltr'>contra</span> <span class='ocrx_word' id='word_1_26' title='bbox 662 1096 909 1179; x_wconf 83' lang='lat' dir='ltr'>pronunciatum</span> <span class='ocrx_word' id='word_1_27' title='bbox 933 1095 1038 1169; x_wconf 84' lang='lat' dir='ltr'>lirerit,</span> <span class='ocrx_word' id='word_1_28' title='bbox 1064 1095 1145 1157; x_wconf 90' lang='lat' dir='ltr'>nihil</span> <span class='ocrx_word' id='word_1_29' title='bbox 1160 1094 1219 1157; x_wconf 91' lang='lat' dir='ltr'>tibi</span> <span class='ocrx_word' id='word_1_30' title='bbox 1246 1115 1290 1158; x_wconf 84' lang='lat' dir='ltr'>ex</span> 
     </span>
     <span class='ocr_line' id='line_1_5' title="bbox 335 1195 1290 1284; baseline -0.006 -19"><span class='ocrx_word' id='word_1_31' title='bbox 335 1211 431 1284; x_wconf 89' lang='lat' dir='ltr'>pacto</span> <span class='ocrx_word' id='word_1_32' title='bbox 446 1200 560 1277; x_wconf 90' lang='lat' dir='ltr'>debeo,</span> <span class='ocrx_word' id='word_1_33' title='bbox 585 1200 660 1282; x_wconf 91' lang='lat' dir='ltr'>quia</span> <span class='ocrx_word' id='word_1_34' title='bbox 684 1219 750 1261; x_wconf 91' lang='lat' dir='ltr'>non</span> <span class='ocrx_word' id='word_1_35' title='bbox 777 1198 892 1261; x_wconf 85' lang='lat' dir='ltr'>vicero.</span> <span class='ocrx_word' id='word_1_36' title='bbox 939 1196 993 1261; x_wconf 87' lang='lat' dir='ltr'>Sic</span> <span class='ocrx_word' id='word_1_37' title='bbox 1019 1196 1060 1259; x_wconf 93' lang='lat' dir='ltr'>ab</span> <span class='ocrx_word' id='word_1_38' title='bbox 1087 1195 1290 1259; x_wconf 76' lang='lat' dir='ltr'>adolescente</span> 
     </span>
     <span class='ocr_line' id='line_1_6' title="bbox 338 1299 1290 1385; baseline -0.005 -20"><span class='ocrx_word' id='word_1_39' title='bbox 338 1302 511 1385; x_wconf 87' lang='lat' dir='ltr'>discipulo,</span> <span class='ocrx_word' id='word_1_40' title='bbox 538 1302 688 1381; x_wconf 82' lang='lat' dir='ltr'>magister</span> <span class='ocrx_word' id='word_1_41' title='bbox 721 1300 911 1384; x_wconf 75' lang='lat' dir='ltr'>eloquentiae</span> <span class='ocrx_word' id='word_1_42' title='bbox 947 1299 1087 1381; x_wconf 88' lang='lat' dir='ltr'>inclytus</span> <span class='ocrx_word' id='word_1_43' title='bbox 1114 1319 1172 1361; x_wconf 88' lang='lat' dir='ltr'>suo</span> <span class='ocrx_word' id='word_1_44' title='bbox 1198 1318 1290 1381; x_wconf 82' lang='lat' dir='ltr'>argu·</span> 
     </span>
     <span class='ocr_line' id='line_1_7' title="bbox 340 1399 1290 1485; baseline 0 -20"><span class='ocrx_word' id='word_1_45' title='bbox 340 1414 449 1465; x_wconf 89' lang='lat' dir='ltr'>mento</span> <span class='ocrx_word' id='word_1_46' title='bbox 464 1402 657 1480; x_wconf 78' lang='lat' dir='ltr'>confutatus,</span> <span class='ocrx_word' id='word_1_47' title='bbox 672 1411 705 1465; x_wconf 92' lang='lat' dir='ltr'>et</span> <span class='ocrx_word' id='word_1_48' title='bbox 720 1401 880 1485; x_wconf 88' lang='lat' dir='ltr'>captionis</span> <span class='ocrx_word' id='word_1_49' title='bbox 895 1412 1038 1474; x_wconf 77' lang='lat' dir='ltr'>versutae,</span> <span class='ocrx_word' id='word_1_50' title='bbox 1053 1412 1086 1465; x_wconf 89' lang='lat' dir='ltr'>et</span> <span class='ocrx_word' id='word_1_51' title='bbox 1100 1399 1290 1482; x_wconf 77' lang='lat' dir='ltr'>excogitata</span> 
     </span>
     <span class='ocr_line' id='line_1_8' title="bbox 340 1500 1292 1585; baseline -0.001 -20"><span class='ocrx_word' id='word_1_52' title='bbox 340 1504 505 1565; x_wconf 81' lang='lat' dir='ltr'>frustratus</span> <span class='ocrx_word' id='word_1_53' title='bbox 530 1503 597 1565; x_wconf 90' lang='lat' dir='ltr'>snit.</span> <span class='ocrx_word' id='word_1_54' title='bbox 641 1502 736 1565; x_wconf 87' lang='lat' dir='ltr'>Tunc</span> <span class='ocrx_word' id='word_1_55' title='bbox 761 1500 901 1585; x_wconf 88' lang='lat' dir='ltr'>judices,</span> <span class='ocrx_word' id='word_1_56' title='bbox 925 1510 960 1563; x_wconf 91' lang='lat' dir='ltr'>ut</span> <span class='ocrx_word' id='word_1_57' title='bbox 984 1500 1124 1583; x_wconf 86' lang='lat' dir='ltr'>antiquae</span> <span class='ocrx_word' id='word_1_58' title='bbox 1150 1500 1292 1565; x_wconf 72' lang='lat' dir='ltr'>historiar</span> 
     </span>
     <span class='ocr_line' id='line_1_9' title="bbox 339 1602 1290 1686; baseline 0.001 -21"><span class='ocrx_word' id='word_1_59' title='bbox 339 1606 444 1668; x_wconf 83' lang='lat' dir='ltr'>verbis</span> <span class='ocrx_word' id='word_1_60' title='bbox 480 1614 562 1679; x_wconf 92' lang='lat' dir='ltr'>utar,</span> <span class='ocrx_word' id='word_1_61' title='bbox 591 1604 762 1667; x_wconf 82' lang='lat' dir='ltr'>dubiosum</span> <span class='ocrx_word' id='word_1_62' title='bbox 795 1604 859 1667; x_wconf 92' lang='lat' dir='ltr'>hoc</span> <span class='ocrx_word' id='word_1_63' title='bbox 891 1602 1185 1686; x_wconf 81' lang='lat' dir='ltr'>inexplicabileque</span> <span class='ocrx_word' id='word_1_64' title='bbox 1211 1622 1290 1681; x_wconf 60' lang='lat' dir='ltr'>,esse</span> 
     </span>
     <span class='ocr_line' id='line_1_10' title="bbox 339 1703 1290 1789; baseline -0.001 -20"><span class='ocrx_word' id='word_1_65' title='bbox 339 1705 426 1789; x_wconf 90' lang='lat' dir='ltr'>qnod</span> <span class='ocrx_word' id='word_1_66' title='bbox 463 1706 621 1789; x_wconf 87' lang='lat' dir='ltr'>utrimque</span> <span class='ocrx_word' id='word_1_67' title='bbox 658 1705 824 1769; x_wconf 77' lang='lat' dir='ltr'>dicebatur</span> <span class='ocrx_word' id='word_1_68' title='bbox 861 1703 930 1781; x_wconf 88' lang='lat' dir='ltr'>rati,</span> <span class='ocrx_word' id='word_1_69' title='bbox 958 1724 999 1767; x_wconf 88' lang='lat' dir='ltr'>ne</span> <span class='ocrx_word' id='word_1_70' title='bbox 1037 1704 1196 1767; x_wconf 87' lang='lat' dir='ltr'>sententia</span> <span class='ocrx_word' id='word_1_71' title='bbox 1231 1723 1290 1769; x_wconf 88' lang='lat' dir='ltr'>sua</span> 
     </span>
     <span class='ocr_line' id='line_1_11' title="bbox 339 1804 1290 1892; baseline -0.001 -23"><span class='ocrx_word' id='word_1_72' title='bbox 339 1817 504 1892; x_wconf 89' lang='lat' dir='ltr'>atramque</span> <span class='ocrx_word' id='word_1_73' title='bbox 532 1808 566 1869; x_wconf 90' lang='lat' dir='ltr'>in</span> <span class='ocrx_word' id='word_1_74' title='bbox 595 1818 718 1891; x_wconf 89' lang='lat' dir='ltr'>partem</span> <span class='ocrx_word' id='word_1_75' title='bbox 755 1806 853 1884; x_wconf 88' lang='lat' dir='ltr'>dicta,</span> <span class='ocrx_word' id='word_1_76' title='bbox 883 1806 952 1887; x_wconf 89' lang='lat' dir='ltr'>ipsa</span> <span class='ocrx_word' id='word_1_77' title='bbox 985 1826 1055 1869; x_wconf 86' lang='lat' dir='ltr'>sese</span> <span class='ocrx_word' id='word_1_78' title='bbox 1084 1804 1290 1880; x_wconf 81' lang='lat' dir='ltr'>rescinderet,</span> 
     </span>
     <span class='ocr_line' id='line_1_12' title="bbox 338 1904 1288 1993; baseline -0.002 -22"><span class='ocrx_word' id='word_1_79' title='bbox 338 1908 549 1992; x_wconf 89' lang='lat' dir='ltr'>injudicatam</span> <span class='ocrx_word' id='word_1_80' title='bbox 580 1909 786 1993; x_wconf 87' lang='lat' dir='ltr'>reliquerunt,</span> <span class='ocrx_word' id='word_1_81' title='bbox 816 1928 944 1972; x_wconf 87' lang='lat' dir='ltr'>causam</span> <span class='ocrx_word' id='word_1_82' title='bbox 982 1907 1015 1969; x_wconf 90' lang='lat' dir='ltr'>in</span> <span class='ocrx_word' id='word_1_83' title='bbox 1049 1904 1137 1971; x_wconf 89' lang='lat' dir='ltr'>diem</span> <span class='ocrx_word' id='word_1_84' title='bbox 1169 1906 1288 1987; x_wconf 78' lang='lat' dir='ltr'>longis·</span> 
     </span>
     <span class='ocr_line' id='line_1_13' title="bbox 339 2008 1290 2093; baseline -0.001 -21"><span class='ocrx_word' id='word_1_85' title='bbox 339 2009 455 2073; x_wconf 86' lang='lat' dir='ltr'>simum</span> <span class='ocrx_word' id='word_1_86' title='bbox 476 2010 677 2093; x_wconf 81' lang='lat' dir='ltr'>protelantes.</span> <span class='ocrx_word' id='word_1_87' title='bbox 730 2012 802 2074; x_wconf 87' lang='lat' dir='ltr'>Nec</span> <span class='ocrx_word' id='word_1_88' title='bbox 828 2010 964 2073; x_wconf 91' lang='lat' dir='ltr'>multum</span> <span class='ocrx_word' id='word_1_89' title='bbox 990 2009 1082 2073; x_wconf 80' lang='lat' dir='ltr'>refert</span> <span class='ocrx_word' id='word_1_90' title='bbox 1107 2008 1148 2073; x_wconf 90' lang='lat' dir='ltr'>ad</span> <span class='ocrx_word' id='word_1_91' title='bbox 1174 2028 1290 2093; x_wconf 91' lang='lat' dir='ltr'>propo-</span> 
     </span>
     <span class='ocr_line' id='line_1_14' title="bbox 340 2106 1290 2195; baseline 0 -21"><span class='ocrx_word' id='word_1_92' title='bbox 340 2112 447 2185; x_wconf 88' lang='lat' dir='ltr'>situm,</span> <span class='ocrx_word' id='word_1_93' title='bbox 470 2112 677 2195; x_wconf 82' lang='lat' dir='ltr'>Pythagoras,</span> <span class='ocrx_word' id='word_1_94' title='bbox 700 2133 740 2175; x_wconf 92' lang='lat' dir='ltr'>an</span> <span class='ocrx_word' id='word_1_95' title='bbox 761 2111 964 2193; x_wconf 86' lang='lat' dir='ltr'>Protagoras,</span> <span class='ocrx_word' id='word_1_96' title='bbox 981 2111 1065 2174; x_wconf 87' lang='lat' dir='ltr'>sicut</span> <span class='ocrx_word' id='word_1_97' title='bbox 1087 2106 1290 2183; x_wconf 88' lang='lat' dir='ltr'>Quintiliano</span> 
     </span>
     <span class='ocr_line' id='line_1_15' title="bbox 338 2211 1291 2296; baseline 0.001 -21"><span class='ocrx_word' id='word_1_98' title='bbox 338 2214 444 2295; x_wconf 90' lang='lat' dir='ltr'>placet</span> <span class='ocrx_word' id='word_1_99' title='bbox 458 2222 492 2275; x_wconf 89' lang='lat' dir='ltr'>et</span> <span class='ocrx_word' id='word_1_100' title='bbox 506 2214 588 2277; x_wconf 81' lang='lat' dir='ltr'>Aulo</span> <span class='ocrx_word' id='word_1_101' title='bbox 605 2214 726 2291; x_wconf 88' lang='lat' dir='ltr'>Gellio,</span> <span class='ocrx_word' id='word_1_102' title='bbox 739 2213 922 2294; x_wconf 75' lang='lat' dir='ltr'>litigaverit,</span> <span class='ocrx_word' id='word_1_103' title='bbox 937 2232 1043 2296; x_wconf 89' lang='lat' dir='ltr'>neque</span> <span class='ocrx_word' id='word_1_104' title='bbox 1064 2212 1149 2275; x_wconf 91' lang='lat' dir='ltr'>enim</span> <span class='ocrx_word' id='word_1_105' title='bbox 1171 2211 1219 2274; x_wconf 88' lang='lat' dir='ltr'>vis</span> <span class='ocrx_word' id='word_1_106' title='bbox 1241 2226 1291 2276; x_wconf 89' lang='lat' dir='ltr'>est</span> 
     </span>
     <span class='ocr_line' id='line_1_16' title="bbox 339 2313 1290 2396; baseline 0 -19"><span class='ocrx_word' id='word_1_107' title='bbox 339 2314 372 2377; x_wconf 90' lang='lat' dir='ltr'>in</span> <span class='ocrx_word' id='word_1_108' title='bbox 392 2314 534 2391; x_wconf 86' lang='lat' dir='ltr'>nomine,</span> <span class='ocrx_word' id='word_1_109' title='bbox 548 2314 625 2379; x_wconf 88' lang='lat' dir='ltr'>dum</span> <span class='ocrx_word' id='word_1_110' title='bbox 647 2324 772 2379; x_wconf 88' lang='lat' dir='ltr'>constet</span> <span class='ocrx_word' id='word_1_111' title='bbox 786 2336 852 2377; x_wconf 89' lang='lat' dir='ltr'>rem</span> <span class='ocrx_word' id='word_1_112' title='bbox 872 2314 1056 2396; x_wconf 80' lang='lat' dir='ltr'>ambiguam</span> <span class='ocrx_word' id='word_1_113' title='bbox 1074 2314 1143 2377; x_wconf 90' lang='lat' dir='ltr'>siue</span> <span class='ocrx_word' id='word_1_114' title='bbox 1164 2313 1290 2379; x_wconf 88' lang='lat' dir='ltr'>temeri·</span> 
     </span>
     <span class='ocr_line' id='line_1_17' title="bbox 338 2416 1290 2499; baseline -0.001 -16"><span class='ocrx_word' id='word_1_115' title='bbox 338 2427 402 2483; x_wconf 87' lang='lat' dir='ltr'>tate</span> <span class='ocrx_word' id='word_1_116' title='bbox 417 2416 545 2479; x_wconf 88' lang='lat' dir='ltr'>diffiniri</span> <span class='ocrx_word' id='word_1_117' title='bbox 560 2438 624 2481; x_wconf 88' lang='lat' dir='ltr'>non</span> <span class='ocrx_word' id='word_1_118' title='bbox 640 2438 747 2499; x_wconf 86' lang='lat' dir='ltr'>posse.</span> <span class='ocrx_word' id='word_1_119' title='bbox 784 2416 868 2481; x_wconf 89' lang='lat' dir='ltr'>Sunt</span> <span class='ocrx_word' id='word_1_120' title='bbox 886 2426 992 2479; x_wconf 89' lang='lat' dir='ltr'>autem</span> <span class='ocrx_word' id='word_1_121' title='bbox 1012 2418 1119 2479; x_wconf 80' lang='lat' dir='ltr'>multae</span> <span class='ocrx_word' id='word_1_122' title='bbox 1136 2417 1290 2499; x_wconf 75' lang='lat' dir='ltr'>captiosa</span> 
     </span>
     <span class='ocr_line' id='line_1_18' title="bbox 339 2513 1291 2601; baseline 0 -20"><span class='ocrx_word' id='word_1_123' title='bbox 339 2517 544 2601; x_wconf 65' lang='lat' dir='ltr'>quaestiones,</span> <span class='ocrx_word' id='word_1_124' title='bbox 566 2537 638 2599; x_wconf 80' lang='lat' dir='ltr'>quae</span> <span class='ocrx_word' id='word_1_125' title='bbox 659 2516 758 2581; x_wconf 89' lang='lat' dir='ltr'>tutius</span> <span class='ocrx_word' id='word_1_126' title='bbox 775 2528 809 2579; x_wconf 91' lang='lat' dir='ltr'>et</span> <span class='ocrx_word' id='word_1_127' title='bbox 829 2513 1040 2591; x_wconf 89' lang='lat' dir='ltr'>commodius,</span> <span class='ocrx_word' id='word_1_128' title='bbox 1061 2517 1236 2599; x_wconf 74' lang='lat' dir='ltr'>prasertim</span> <span class='ocrx_word' id='word_1_129' title='bbox 1255 2518 1291 2581; x_wconf 92' lang='lat' dir='ltr'>in</span> 
     </span>
     <span class='ocr_line' id='line_1_19' title="bbox 333 2615 1292 2703; baseline 0.002 -24"><span class='ocrx_word' id='word_1_130' title='bbox 333 2616 479 2701; x_wconf 89' lang='lat' dir='ltr'>judiciis,</span> <span class='ocrx_word' id='word_1_131' title='bbox 490 2615 687 2696; x_wconf 81' lang='lat' dir='ltr'>differuntur,</span> <span class='ocrx_word' id='word_1_132' title='bbox 697 2639 794 2701; x_wconf 90' lang='lat' dir='ltr'>qnam</span> <span class='ocrx_word' id='word_1_133' title='bbox 804 2618 1031 2683; x_wconf 88' lang='lat' dir='ltr'>accelerentur.</span> <span class='ocrx_word' id='word_1_134' title='bbox 1055 2618 1152 2683; x_wconf 87' lang='lat' dir='ltr'>Unde</span> <span class='ocrx_word' id='word_1_135' title='bbox 1162 2629 1195 2683; x_wconf 92' lang='lat' dir='ltr'>et</span> <span class='ocrx_word' id='word_1_136' title='bbox 1203 2616 1292 2703; x_wconf 90' lang='lat' dir='ltr'>apud</span> 
     </span>
     <span class='ocr_line' id='line_1_20' title="bbox 340 2718 1291 2801; baseline 0.006 -20"><span class='ocrx_word' id='word_1_137' title='bbox 340 2718 549 2796; x_wconf 87' lang='lat' dir='ltr'>Dialecticos,</span> <span class='ocrx_word' id='word_1_138' title='bbox 560 2740 660 2800; x_wconf 77' lang='lat' dir='ltr'>genus</span> <span class='ocrx_word' id='word_1_139' title='bbox 671 2720 733 2784; x_wconf 88' lang='lat' dir='ltr'>boa</span> <span class='ocrx_word' id='word_1_140' title='bbox 744 2719 881 2783; x_wconf 87' lang='lat' dir='ltr'>Tractus</span> <span class='ocrx_word' id='word_1_141' title='bbox 893 2719 1083 2801; x_wconf 88' lang='lat' dir='ltr'>appellatur,</span> <span class='ocrx_word' id='word_1_142' title='bbox 1094 2719 1291 2787; x_wconf 80' lang='lat' dir='ltr'>etaGraecis</span> 
     </span>
     <span class='ocr_line' id='line_1_21' title="bbox 340 2814 1291 2903; baseline 0.003 -22"><span class='ocrx_word' id='word_1_143' title='bbox 340 2816 457 2881; x_wconf 89' lang='lat' dir='ltr'>dicitur</span> <span class='ocrx_word' id='word_1_144' title='bbox 482 2814 614 2897; x_wconf 66' lang='grc' dir='ltr'>Ζῖμησις,</span> <span class='ocrx_word' id='word_1_145' title='bbox 637 2819 704 2895; x_wconf 93' lang='lat' dir='ltr'>ubi,</span> <span class='ocrx_word' id='word_1_146' title='bbox 729 2814 886 2903; x_wconf 90' lang='lat' dir='ltr'>quicquid</span> <span class='ocrx_word' id='word_1_147' title='bbox 912 2838 1019 2879; x_wconf 83' lang='lat' dir='ltr'>verum</span> <span class='ocrx_word' id='word_1_148' title='bbox 1042 2838 1112 2882; x_wconf 90' lang='lat' dir='ltr'>esse</span> <span class='ocrx_word' id='word_1_149' title='bbox 1132 2820 1291 2899; x_wconf 86' lang='lat' dir='ltr'>statueris,</span> 
     </span>
     <span class='ocr_line' id='line_1_22' title="bbox 340 2918 1290 3005; baseline 0.004 -24"><span class='ocrx_word' id='word_1_150' title='bbox 340 2919 454 2981; x_wconf 88' lang='lat' dir='ltr'>salsum</span> <span class='ocrx_word' id='word_1_151' title='bbox 470 2919 631 3002; x_wconf 90' lang='lat' dir='ltr'>reperitur.</span> <span class='ocrx_word' id='word_1_152' title='bbox 662 2920 717 2997; x_wconf 87' lang='lat' dir='ltr'>Et,</span> <span class='ocrx_word' id='word_1_153' title='bbox 732 2919 760 2983; x_wconf 90' lang='lat' dir='ltr'>si</span> <span class='ocrx_word' id='word_1_154' title='bbox 776 2920 965 3003; x_wconf 87' lang='lat' dir='ltr'>plerumque</span> <span class='ocrx_word' id='word_1_155' title='bbox 980 2918 1014 2981; x_wconf 90' lang='lat' dir='ltr'>iu</span> <span class='ocrx_word' id='word_1_156' title='bbox 1030 2919 1080 2982; x_wconf 91' lang='lat' dir='ltr'>his</span> <span class='ocrx_word' id='word_1_157' title='bbox 1100 2942 1156 3005; x_wconf 88' lang='lat' dir='ltr'>per</span> <span class='ocrx_word' id='word_1_158' title='bbox 1170 2942 1290 3005; x_wconf 87' lang='lat' dir='ltr'>excep·</span> 
     </span>
     <span class='ocr_line' id='line_1_23' title="bbox 338 3018 1290 3107; baseline 0.005 -25"><span class='ocrx_word' id='word_1_159' title='bbox 338 3020 459 3083; x_wconf 89' lang='lat' dir='ltr'>tionem</span> <span class='ocrx_word' id='word_1_160' title='bbox 474 3019 540 3083; x_wconf 91' lang='lat' dir='ltr'>doli</span> <span class='ocrx_word' id='word_1_161' title='bbox 555 3020 631 3085; x_wconf 88' lang='lat' dir='ltr'>mali</span> <span class='ocrx_word' id='word_1_162' title='bbox 645 3018 746 3105; x_wconf 81' lang='lat' dir='ltr'>possit</span> <span class='ocrx_word' id='word_1_163' title='bbox 763 3042 813 3084; x_wconf 88' lang='lat' dir='ltr'>res</span> <span class='ocrx_word' id='word_1_164' title='bbox 827 3022 1006 3105; x_wconf 88' lang='lat' dir='ltr'>temperari,</span> <span class='ocrx_word' id='word_1_165' title='bbox 1021 3032 1054 3085; x_wconf 91' lang='lat' dir='ltr'>et</span> <span class='ocrx_word' id='word_1_166' title='bbox 1069 3022 1203 3107; x_wconf 78' lang='lat' dir='ltr'>aequitas</span> <span class='ocrx_word' id='word_1_167' title='bbox 1218 3023 1290 3107; x_wconf 87' lang='lat' dir='ltr'>ipsa</span> 
     </span>
     <span class='ocr_line' id='line_1_24' title="bbox 331 3120 1287 3209; baseline 0.005 -26"><span class='ocrx_word' id='word_1_168' title='bbox 331 3120 416 3204; x_wconf 88' lang='lat' dir='ltr'>juris</span> <span class='ocrx_word' id='word_1_169' title='bbox 439 3121 596 3185; x_wconf 87' lang='lat' dir='ltr'>interdum</span> <span class='ocrx_word' id='word_1_170' title='bbox 624 3136 720 3207; x_wconf 89' lang='lat' dir='ltr'>queat</span> <span class='ocrx_word' id='word_1_171' title='bbox 745 3122 890 3204; x_wconf 80' lang='lat' dir='ltr'>mitigare</span> <span class='ocrx_word' id='word_1_172' title='bbox 915 3123 1060 3203; x_wconf 84' lang='lat' dir='ltr'>rigorem,</span> <span class='ocrx_word' id='word_1_173' title='bbox 1086 3124 1149 3187; x_wconf 90' lang='lat' dir='ltr'>nisi</span> <span class='ocrx_word' id='word_1_174' title='bbox 1174 3146 1287 3209; x_wconf 80' lang='lat' dir='ltr'>urgen-</span> 
     </span>
     <span class='ocr_line' id='line_1_25' title="bbox 337 3220 1287 3306; baseline 0.006 -21"><span class='ocrx_word' id='word_1_175' title='bbox 337 3220 461 3287; x_wconf 85' lang='lat' dir='ltr'>tissima</span> <span class='ocrx_word' id='word_1_176' title='bbox 474 3244 576 3287; x_wconf 87' lang='lat' dir='ltr'>rerum</span> <span class='ocrx_word' id='word_1_177' title='bbox 596 3224 770 3287; x_wconf 84' lang='lat' dir='ltr'>necessitas</span> <span class='ocrx_word' id='word_1_178' title='bbox 789 3226 894 3306; x_wconf 66' lang='lat' dir='ltr'>cogat,</span> <span class='ocrx_word' id='word_1_179' title='bbox 909 3225 942 3287; x_wconf 90' lang='lat' dir='ltr'>in</span> <span class='ocrx_word' id='word_1_180' title='bbox 958 3225 1075 3289; x_wconf 91' lang='lat' dir='ltr'>talibus</span> <span class='ocrx_word' id='word_1_181' title='bbox 1096 3227 1287 3291; x_wconf 89' lang='lat' dir='ltr'>sententiam</span> 
     </span>
     <span class='ocr_line' id='line_1_26' title="bbox 339 3322 1289 3407; baseline 0.002 -22"><span class='ocrx_word' id='word_1_182' title='bbox 339 3322 473 3405; x_wconf 81' lang='lat' dir='ltr'>expedit</span> <span class='ocrx_word' id='word_1_183' title='bbox 486 3322 624 3404; x_wconf 84' lang='lat' dir='ltr'>differre,</span> <span class='ocrx_word' id='word_1_184' title='bbox 638 3345 734 3407; x_wconf 89' lang='lat' dir='ltr'>quam</span> <span class='ocrx_word' id='word_1_185' title='bbox 750 3323 840 3386; x_wconf 82' lang='lat' dir='ltr'>serre.</span> <span class='ocrx_word' id='word_1_186' title='bbox 886 3324 966 3386; x_wconf 90' lang='lat' dir='ltr'>Fere</span> <span class='ocrx_word' id='word_1_187' title='bbox 984 3344 1004 3385; x_wconf 93' lang='lat' dir='ltr'>a</span> <span class='ocrx_word' id='word_1_188' title='bbox 1021 3346 1120 3407; x_wconf 91' lang='lat' dir='ltr'>puero</span> <span class='ocrx_word' id='word_1_189' title='bbox 1136 3324 1289 3405; x_wconf 89' lang='lat' dir='ltr'>didicisti,</span> 
     </span>
     <span class='ocr_line' id='line_1_27' title="bbox 338 3422 1288 3509; baseline 0.002 -22"><span class='ocrx_word' id='word_1_190' title='bbox 338 3424 415 3507; x_wconf 89' lang='lat' dir='ltr'>qnia</span> <span class='ocrx_word' id='word_1_191' title='bbox 436 3424 469 3487; x_wconf 91' lang='lat' dir='ltr'>in</span> <span class='ocrx_word' id='word_1_192' title='bbox 494 3425 819 3509; x_wconf 71' lang='lat' dir='ltr'>quaestionibusque·</span> <span class='ocrx_word' id='word_1_193' title='bbox 842 3424 964 3487; x_wconf 90' lang='lat' dir='ltr'>habent</span> <span class='ocrx_word' id='word_1_194' title='bbox 986 3426 1162 3507; x_wconf 85' lang='lat' dir='ltr'>positiones</span> <span class='ocrx_word' id='word_1_195' title='bbox 1184 3422 1288 3509; x_wconf 91' lang='lat' dir='ltr'>impli-</span> 
     </span>
     <span class='ocr_line' id='line_1_28' title="bbox 338 3526 1290 3609; baseline 0.005 -22"><span class='ocrx_word' id='word_1_196' title='bbox 338 3526 428 3603; x_wconf 89' lang='lat' dir='ltr'>citas,</span> <span class='ocrx_word' id='word_1_197' title='bbox 449 3537 481 3589; x_wconf 90' lang='lat' dir='ltr'>et</span> <span class='ocrx_word' id='word_1_198' title='bbox 502 3546 574 3609; x_wconf 87' lang='lat' dir='ltr'>quae</span> <span class='ocrx_word' id='word_1_199' title='bbox 595 3526 730 3588; x_wconf 87' lang='lat' dir='ltr'>latenter</span> <span class='ocrx_word' id='word_1_200' title='bbox 750 3526 917 3589; x_wconf 82' lang='lat' dir='ltr'>involvunt</span> <span class='ocrx_word' id='word_1_201' title='bbox 939 3526 1107 3603; x_wconf 89' lang='lat' dir='ltr'>contraria,</span> <span class='ocrx_word' id='word_1_202' title='bbox 1128 3526 1290 3593; x_wconf 88' lang='lat' dir='ltr'>laboriosa</span> 
     </span>
     <span class='ocr_line' id='line_1_29' title="bbox 337 3624 1289 3710; baseline 0.003 -22"><span class='ocrx_word' id='word_1_203' title='bbox 337 3626 454 3689; x_wconf 89' lang='lat' dir='ltr'>solutio</span> <span class='ocrx_word' id='word_1_204' title='bbox 469 3636 528 3703; x_wconf 90' lang='lat' dir='ltr'>est,</span> <span class='ocrx_word' id='word_1_205' title='bbox 542 3624 604 3687; x_wconf 90' lang='lat' dir='ltr'>nisi</span> <span class='ocrx_word' id='word_1_206' title='bbox 619 3626 699 3689; x_wconf 83' lang='lat' dir='ltr'>forte</span> <span class='ocrx_word' id='word_1_207' title='bbox 719 3638 750 3689; x_wconf 90' lang='lat' dir='ltr'>te</span> <span class='ocrx_word' id='word_1_208' title='bbox 771 3626 903 3709; x_wconf 89' lang='lat' dir='ltr'>antiquo</span> <span class='ocrx_word' id='word_1_209' title='bbox 919 3626 1055 3689; x_wconf 87' lang='lat' dir='ltr'>Nestore</span> <span class='ocrx_word' id='word_1_210' title='bbox 1071 3638 1197 3710; x_wconf 86' lang='lat' dir='ltr'>reputes</span> <span class='ocrx_word' id='word_1_211' title='bbox 1213 3650 1289 3693; x_wconf 92' lang='lat' dir='ltr'>cau·</span> 
     </span>
     <span class='ocr_line' id='line_1_30' title="bbox 340 3726 1289 3809; baseline 0.006 -21"><span class='ocrx_word' id='word_1_212' title='bbox 340 3726 462 3789; x_wconf 86' lang='lat' dir='ltr'>tiorem.</span> <span class='ocrx_word' id='word_1_213' title='bbox 508 3728 559 3789; x_wconf 92' lang='lat' dir='ltr'>Ne</span> <span class='ocrx_word' id='word_1_214' title='bbox 588 3727 700 3791; x_wconf 88' lang='lat' dir='ltr'>credas</span> <span class='ocrx_word' id='word_1_215' title='bbox 729 3727 867 3799; x_wconf 89' lang='lat' dir='ltr'>somnio,</span> <span class='ocrx_word' id='word_1_216' title='bbox 901 3726 1135 3809; x_wconf 84' lang='lat' dir='ltr'>Agamemnoni</span> <span class='ocrx_word' id='word_1_217' title='bbox 1165 3728 1289 3793; x_wconf 89' lang='lat' dir='ltr'>dictum</span> 
     </span>
     <span class='ocr_line' id='line_1_31' title="bbox 339 3826 1289 3911; baseline 0.004 -22"><span class='ocrx_word' id='word_1_218' title='bbox 339 3827 429 3890; x_wconf 87' lang='lat' dir='ltr'>estin</span> <span class='ocrx_word' id='word_1_219' title='bbox 445 3826 575 3904; x_wconf 88' lang='lat' dir='ltr'>somnis,</span> <span class='ocrx_word' id='word_1_220' title='bbox 585 3826 660 3891; x_wconf 91' lang='lat' dir='ltr'>dum</span> <span class='ocrx_word' id='word_1_221' title='bbox 673 3830 707 3891; x_wconf 88' lang='lat' dir='ltr'>in</span> <span class='ocrx_word' id='word_1_222' title='bbox 720 3826 849 3893; x_wconf 83' lang='lat' dir='ltr'>excidio</span> <span class='ocrx_word' id='word_1_223' title='bbox 865 3828 970 3911; x_wconf 85' lang='lat' dir='ltr'>Trojae</span> <span class='ocrx_word' id='word_1_224' title='bbox 983 3828 1111 3889; x_wconf 85' lang='lat' dir='ltr'>Graecia</span> <span class='ocrx_word' id='word_1_225' title='bbox 1121 3829 1289 3893; x_wconf 87' lang='lat' dir='ltr'>laboraret.</span> 
     </span>
     <span class='ocr_line' id='line_1_32' title="bbox 341 3926 1288 4011; baseline 0.002 -22"><span class='ocrx_word' id='word_1_226' title='bbox 341 3926 448 4011; x_wconf 83' lang='lat' dir='ltr'>Hujus</span> <span class='ocrx_word' id='word_1_227' title='bbox 478 3948 607 4011; x_wconf 90' lang='lat' dir='ltr'>qnoque</span> <span class='ocrx_word' id='word_1_228' title='bbox 636 3928 752 3991; x_wconf 89' lang='lat' dir='ltr'>somnii</span> <span class='ocrx_word' id='word_1_229' title='bbox 781 3926 1085 4011; x_wconf 86' lang='lat' dir='ltr'>interpretationem,</span> <span class='ocrx_word' id='word_1_230' title='bbox 1110 3928 1183 3990; x_wconf 88' lang='lat' dir='ltr'>Jori</span> <span class='ocrx_word' id='word_1_231' title='bbox 1213 3950 1288 3993; x_wconf 92' lang='lat' dir='ltr'>cen-</span> 
     </span>
     <span class='ocr_line' id='line_1_33' title="bbox 339 4026 1289 4111; baseline 0.004 -20"><span class='ocrx_word' id='word_1_232' title='bbox 339 4036 470 4091; x_wconf 86' lang='lat' dir='ltr'>suerunt</span> <span class='ocrx_word' id='word_1_233' title='bbox 492 4028 679 4093; x_wconf 73' lang='lat' dir='ltr'>Graeconun</span> <span class='ocrx_word' id='word_1_234' title='bbox 701 4026 928 4111; x_wconf 88' lang='lat' dir='ltr'>sapientissimi</span> <span class='ocrx_word' id='word_1_235' title='bbox 949 4026 1181 4091; x_wconf 87' lang='lat' dir='ltr'>reservandam.</span> <span class='ocrx_word' id='word_1_236' title='bbox 1228 4030 1289 4095; x_wconf 85' lang='lat' dir='ltr'>La·</span> 
     </span>
     <span class='ocr_line' id='line_1_34' title="bbox 339 4126 1288 4215; baseline 0.008 -28"><span class='ocrx_word' id='word_1_237' title='bbox 339 4126 489 4191; x_wconf 89' lang='lat' dir='ltr'>borantes</span> <span class='ocrx_word' id='word_1_238' title='bbox 512 4128 578 4191; x_wconf 83' lang='lat' dir='ltr'>vidi</span> <span class='ocrx_word' id='word_1_239' title='bbox 602 4126 866 4212; x_wconf 90' lang='lat' dir='ltr'>quamplurimos,</span> <span class='ocrx_word' id='word_1_240' title='bbox 885 4126 960 4191; x_wconf 90' lang='lat' dir='ltr'>dum</span> <span class='ocrx_word' id='word_1_241' title='bbox 987 4127 1138 4215; x_wconf 84' lang='lat' dir='ltr'>quaeritur</span> <span class='ocrx_word' id='word_1_242' title='bbox 1163 4150 1204 4193; x_wconf 92' lang='lat' dir='ltr'>an</span> <span class='ocrx_word' id='word_1_243' title='bbox 1232 4132 1288 4215; x_wconf 91' lang='lat' dir='ltr'>qni</span> 
     </span>
     <span class='ocr_line' id='line_1_35' title="bbox 340 4227 1289 4311; baseline 0.007 -22"><span class='ocrx_word' id='word_1_244' title='bbox 340 4227 432 4301; x_wconf 88' lang='lat' dir='ltr'>dicit,</span> <span class='ocrx_word' id='word_1_245' title='bbox 448 4250 509 4311; x_wconf 72' lang='lat' dir='ltr'>ego</span> <span class='ocrx_word' id='word_1_246' title='bbox 529 4230 677 4305; x_wconf 88' lang='lat' dir='ltr'>mentior,</span> <span class='ocrx_word' id='word_1_247' title='bbox 693 4248 800 4293; x_wconf 81' lang='lat' dir='ltr'>rerum</span> <span class='ocrx_word' id='word_1_248' title='bbox 821 4228 917 4292; x_wconf 85' lang='lat' dir='ltr'>dicat</span> <span class='ocrx_word' id='word_1_249' title='bbox 963 4228 1028 4293; x_wconf 88' lang='lat' dir='ltr'>Sed</span> <span class='ocrx_word' id='word_1_250' title='bbox 1046 4231 1207 4295; x_wconf 89' lang='lat' dir='ltr'>neminem</span> <span class='ocrx_word' id='word_1_251' title='bbox 1222 4231 1289 4296; x_wconf 80' lang='lat' dir='ltr'>vidi</span> 
     </span>
     <span class='ocr_line' id='line_1_36' title="bbox 338 4328 1289 4413; baseline 0.001 -19"><span class='ocrx_word' id='word_1_252' title='bbox 338 4328 395 4413; x_wconf 91' lang='lat' dir='ltr'>qui</span> <span class='ocrx_word' id='word_1_253' title='bbox 418 4330 556 4413; x_wconf 84' lang='lat' dir='ltr'>Scyllam</span> <span class='ocrx_word' id='word_1_254' title='bbox 579 4331 691 4393; x_wconf 85' lang='lat' dir='ltr'>ritaret</span> <span class='ocrx_word' id='word_1_255' title='bbox 709 4340 742 4393; x_wconf 91' lang='lat' dir='ltr'>et</span> <span class='ocrx_word' id='word_1_256' title='bbox 762 4328 972 4411; x_wconf 87' lang='lat' dir='ltr'>Charybdim,</span> <span class='ocrx_word' id='word_1_257' title='bbox 992 4328 1053 4393; x_wconf 88' lang='lat' dir='ltr'>nisi</span> <span class='ocrx_word' id='word_1_258' title='bbox 1075 4329 1214 4395; x_wconf 89' lang='lat' dir='ltr'>debilem</span> <span class='ocrx_word' id='word_1_259' title='bbox 1234 4342 1289 4397; x_wconf 89' lang='lat' dir='ltr'>aut</span> 
     </span>
    </p>
   </div>
   <div class='ocr_carea' id='block_1_3' title="bbox 0 0 1718 5367">
    <p class='ocr_par' dir='ltr' id='par_1_3' title="bbox 0 0 1718 5367">
     <span class='ocr_line' id='line_1_37' title="bbox 0 0 1718 5367; baseline 0 0"><span class='ocrx_word' id='word_1_260' title='bbox 0 0 1718 5367; x_wconf 95' lang='lat' dir='ltr'> </span> 
     </span>
    </p>
   </div>
  </div>
 </body>
</html>
