3425 5367
428 664 467 721 74
673 674 808 721 maurus
824 672 1102 720 sanssnnmausrs
1245 653 1325 733 [sm.
1343 674 1383 720 11.

427 848 486 911 per
510 838 670 891 momenta
698 825 893 914 praedouum·
915 822 1068 889 satellites
1092 822 1271 908 rapiebant.
1318 823 1383 888 Pro

426 926 543 1013 quibus
565 930 676 1013 ingens
699 927 813 991 mulier
835 926 924 990 velut
946 926 1069 1004 insana,
1086 925 1156 1011 jam
1177 924 1317 1011 quadam
1341 948 1382 989 ex

426 1028 643 1113 indignatione
665 1030 876 1115 fatigabatur,
897 1028 942 1093 ita
965 1040 1003 1093 ut
1026 1026 1189 1091 interdum
1215 1026 1383 1112 praedones

428 1128 604 1193 maledictis
615 1132 647 1193 in
660 1151 766 1193 necem
780 1128 840 1205 sui,
851 1140 884 1191 et
895 1126 1041 1191 convitiis
1051 1126 1229 1211 instigaret.
1264 1128 1381 1193 Verum

426 1254 526 1317 quum
544 1254 647 1318 neque
658 1230 802 1296 irritatus
814 1230 998 1316 quisquam,
1006 1252 1111 1314 neque
1122 1227 1302 1309 miseratus,
1312 1252 1382 1294 earn

427 1334 632 1419 opprimeret,
648 1347 682 1398 et¹
699 1334 726 1399 si
749 1332 828 1419 quid
851 1332 935 1397 forte
950 1332 1012 1397 cibi
1034 1331 1148 1397 fuisset
1171 1332 1213 1395 ab
1234 1355 1273 1395 ea
1293 1356 1384 1419 quae·

427 1436 536 1513 situm,
552 1435 585 1499 id
602 1436 643 1500 ab
658 1436 727 1499 aliis
749 1448 958 1521 qnaereretur,
975 1456 1032 1497 nec
1049 1434 1117 1519 jam
1135 1456 1269 1520 usquam
1292 1457 1384 1520 repe-

426 1536 528 1601 riendi
552 1538 644 1623 eopia
658 1537 759 1619 fieret,
774 1536 874 1600 fames
893 1547 1001 1599 autem
1024 1533 1094 1597 dira
1109 1534 1285 1599 visceribus
1306 1534 1384 1621 ipsis

428 1638 599 1715 insisteret,
612 1661 649 1703 ao
664 1636 812 1705 medullis
824 1662 834 1715 ;
859 1652 890 1701 et
906 1637 947 1701 ad
961 1637 1103 1699 furorem
1119 1649 1305 1721 perurgeret
1314 1639 1383 1723 jam

428 1740 542 1815 inedia,
559 1740 643 1803 fame
665 1751 697 1805 et
719 1740 776 1819 ira,
791 1739 937 1824 pessimis
957 1759 1016 1801 usa
1036 1736 1260 1815 cosultoribns‚
1274 1752 1386 1803 contra

428 1842 497 1927 ipsa
514 1842 583 1927 jam
599 1854 740 1906 armatur
757 1841 834 1926 jura
848 1855 983 1905 naturae.
1027 1842 1109 1904 Erat
1124 1863 1263 1926 namque
1278 1841 1306 1904 ei
1323 1843 1384 1906 sub

430 1940 583 2029 uberibus
612 1944 765 2027 parvulus
793 1940 897 2005 filius:
935 1941 1021 2005 huna
1043 1954 1118 2005 ante
1138 1942 1248 2005 oculos
1269 1941 1385 2025 ferens,

431 2044 584 2119 Infelicis,
600 2043 718 2129 inquit,
734 2042 843 2107 matris
858 2067 878 2106 ο
891 2043 1048 2107 infelicior
1067 2043 1125 2121 fili,
1141 2046 1174 2107 in
1189 2043 1284 2120 bello,
1299 2044 1383 2109 fame

430 2154 462 2209 et
476 2144 653 2231 direptione
667 2144 869 2229 praedonum,
883 2144 934 2208 cui
957 2158 989 2208 te
1004 2143 1196 2211 reservabo?
1226 2150 1309 2211 Nam
1325 2146 1385 2211 etsi

431 2245 496 2309 vita
511 2244 630 2330 sperari
645 2256 763 2330 posset,
777 2257 808 2308 et
827 2245 910 2330 jugo
931 2246 1085 2309 Romanae
1108 2246 1269 2311 servitutis
1290 2270 1384 2333 urge·

431 2370 520 2411 mur:
562 2346 617 2412 sed
644 2368 728 2411 nunc
759 2345 853 2411 etiam
883 2348 984 2433 ipsam
1015 2347 1197 2413 servitutem
1228 2350 1384 2435 praevenit

431 2450 540 2513 fames.
586 2447 759 2514 Praedones
783 2471 859 2512 vero
882 2462 1021 2535 utraque
1038 2450 1069 2514 vi
1093 2452 1255 2535 graviores
1276 2475 1385 2536 perur-

432 2560 517 2637 gent.
562 2550 641 2614 Veni
661 2573 737 2637 ergo
758 2572 843 2614 nunc
865 2574 885 2613 o
907 2550 1059 2616 minate:
1089 2564 1158 2617 esto
1175 2554 1384 2632 matricibus,

432 2650 637 2737 praedonibus
652 2652 753 2730 furor,
766 2653 890 2716 saeonlis
901 2650 1023 2731 fabula,
1035 2675 1109 2740 qnae
1125 2654 1191 2719 sola
1203 2655 1311 2719 deerat
1321 2656 1386 2719 cla·

433 2753 528 2820 dibus
540 2755 559 2821 J
563 2755 739 2820 udaeorum.
768 2756 812 2819 Et
825 2760 926 2841 quum
938 2754 1009 2821 haec
1020 2756 1162 2834 dixisset,
1176 2757 1270 2822 simul
1281 2757 1382 2822 filium

430 2858 573 2943 jugulat.
619 2860 706 2922 Tum
728 2856 842 2921 deinde
864 2858 931 2944 igni
958 2860 1195 2947 superpositum
1218 2873 1329 2939 torret,
1350 2872 1383 2924 et

432 2958 573 3023 medium
589 2960 710 3043 quippe
727 2959 852 3023 edendo
866 2962 1035 3037 consumit,
1047 2962 1187 3027 medium
1200 2986 1277 3027 vero
1290 2985 1388 3027 reser-

434 3072 488 3123 vat
503 3061 678 3122 obtectum.
722 3062 768 3123 Et
790 3082 861 3122 ecce
876 3060 1042 3123 confestim
1067 3063 1234 3146 praedones
1247 3068 1388 3141 irruunt,

434 3158 590 3222 ambustae
615 3158 716 3221 earnis
739 3158 849 3223 nidore
873 3173 1037 3245 concepto,
1055 3174 1189 3225 mortem
1213 3163 1388 3243 minantur,

434 3260 495 3324 nisi
511 3260 576 3323 sine
592 3282 679 3324 mora
698 3260 795 3337 cibos,
812 3284 894 3347 quos
916 3274 1046 3346 paratos
1070 3274 1243 3340 senserant,
1256 3261 1389 3327 demon-

436 3372 559 3429 straret.
590 3361 684 3429 Tunc
698 3364 764 3447 illa,
775 3364 938 3451 Equidem
953 3378 1089 3450 partem,
1104 3364 1222 3449 inquit,
1233 3362 1389 3449 optimam

435 3466 526 3531 vobis
540 3467 717 3557 reservavi:
741 3480 773 3531 et
787 3467 950 3543 continuo,
962 3490 1037 3551 quae
1052 3466 1274 3553 superfuerant
1288 3489 1389 3531 mem·

435 3569 504 3645 bra,
520 3568 636 3631 retexit
656 3567 795 3631 infantis.
840 3572 884 3633 At
905 3567 978 3631 illos
991 3581 1122 3653 repente
1143 3566 1256 3653 ingens
1277 3567 1390 3632 horror

435 3672 561 3751 invasit,
583 3684 615 3736 et
641 3671 786 3735 crudeles
812 3672 957 3755 quamvis
983 3674 1092 3751 animi,
1114 3674 1294 3759 diriguere:
1325 3695 1388 3736 vox

435 3774 584 3839 faucibus
597 3772 770 3837 interclusa
784 3787 840 3838 est.
881 3774 944 3838 Illa
958 3799 1033 3839 vero
1048 3777 1131 3842 truci
1146 3775 1250 3850 vultu,
1265 3788 1297 3839 et
1311 3774 1389 3860 ipsis

436 3876 530 3941 etiam
543 3874 748 3961 praedonibus
759 3876 978 3953 truculentior,
993 3882 1099 3958 Meus,
1109 3877 1227 3964 inquit,
1237 3875 1321 3940 lilius
1330 3887 1390 3953 est,

436 4000 526 4041 meus
543 3992 590 4042 est
613 3991 737 4063 partus,
756 3992 787 4043 et
810 3978 935 4044 facinus
960 4004 1065 4044 meum
1090 3994 1149 4045 est.
1193 3978 1302 4054 Edite‚
1317 4000 1390 4041 nam

436 4092 468 4143 et
492 4102 552 4163 ego
577 4080 665 4163 prior
687 4079 821 4160 comedi,
844 4104 919 4165 quae
945 4082 1052 4168 genui.
1099 4081 1208 4146 Nolite
1231 4079 1311 4143 effici
1336 4091 1393 4144 aut

437 4192 537 4246 matre
563 4179 782 4265 religiosiores,
807 4192 865 4246 aut
889 4182 1021 4247 foemina
1047 4183 1221 4247 molliores:
1253 4180 1391 4267 quodsi

437 4298 493 4349 vos¹
501 4283 602 4371 pietas
611 4282 721 4361 vincit,
729 4297 761 4349 et
772 4284 959 4349 execramini
970 4286 1058 4351 cibos
1067 4307 1232 4370 meos,ego
1241 4283 1390 4369 quaejam
