3425 5367
455 737 516 798 174
708 749 845 794 rasurus
860 744 1138 794 aaamnnursusrs
1255 732 1339 806 [tra.
1354 750 1407 794 111.

452 915 534 967 etam
552 897 700 975 edificat,
710 921 772 964 non
788 899 933 979 domum,
941 899 1089 985 quisquis
1102 898 1135 962 iu
1149 897 1308 964 indurata
1322 921 1409 964 men-

452 1003 495 1068 tis
509 1001 599 1081 vitio,
612 999 805 1087 pravitatem
819 1001 965 1084 congerit
978 1021 1123 1085 operum.
1160 998 1225 1078 Qui
1238 999 1271 1064 in
1287 1001 1408 1087 pariete

453 1105 520 1169 solo
544 1104 662 1168 ostium
689 1102 778 1182 lacit,
803 1124 1000 1188 quocunque
1023 1101 1224 1186 ingrediatur
1246 1101 1325 1166 ioris
1349 1117 1407 1168 est.

452 1207 645 1293 Quicunque
660 1203 692 1268 in
708 1204 834 1290 pravite
853 1202 971 1290 operis,
987 1201 1138 1267 indurata
1156 1214 1262 1267 mente
1276 1226 1407 1267 conver·

450 1321 551 1381 satur,
567 1331 586 1370 a
601 1319 783 1372 sanctorum
794 1305 946 1371 societate
960 1304 1151 1391 sejungitur.
1195 1304 1405 1370 AEdilicatum

449 1433 529 1495 ergo
543 1409 696 1496 parietem
712 1407 796 1489 linit,
810 1407 959 1494 quisquis
979 1406 1087 1493 pravis
1107 1406 1258 1494 operibus
1271 1406 1406 1495 alicujus

449 1511 618 1576 adulanter
637 1509 816 1596 applaudit.
861 1510 970 1586 Quum
985 1529 1061 1571 vero
1079 1508 1122 1572 sit
1144 1521 1240 1592 turpe
1253 1510 1404 1575 omnibus

450 1611 688 1697 adulari,longe
703 1614 831 1698 turpius
845 1625 905 1689 est,
917 1614 944 1675 si
960 1610 992 1673 in
1006 1610 1181 1696 praeoipuae
1195 1612 1404 1689 auctoritatis,

450 1727 509 1780 aut
529 1714 660 1792 ordinis,
676 1713 772 1794 viros,
793 1711 938 1777 adulatio
958 1711 1061 1776 cadat.
1105 1712 1196 1776 Adeo
1218 1713 1348 1798 quidem
1368 1727 1405 1778 ut

452 1841 613 1884 sacrorum
651 1838 808 1880 canonum
837 1814 995 1880 institutis
1030 1825 1162 1879 cautum
1196 1815 1248 1892 sit,
1276 1815 1406 1880 clericos

451 1918 710 2003 irrefragabiliter
732 1917 948 2004 deponendos,
974 1918 1033 2003 qui
1054 1929 1229 1981 noscuntur
1250 1915 1406 1982 adulatio·

450 2019 546 2084 nibus
565 2018 726 2084 inservire.
771 2017 874 2081 Recte
890 2017 1034 2102 quidem,
1047 2017 1125 2102 quia
1140 2017 1245 2082 omnis
1263 2017 1405 2083 adulatio

450 2119 583 2184 comites
604 2119 700 2183 habet
716 2117 825 2183 dolum
846 2131 879 2182 et
898 2118 1057 2194 fraudem,
1073 2118 1352 2205 proditionemque
1371 2135 1405 2186 et

448 2231 556 2286 uotam
573 2219 740 2284 mendacii.
785 2219 953 2305 Sequelam
975 2244 1104 2306 quoquc
1118 2220 1324 2305 ignominiam
1340 2243 1404 2286 ser·

449 2321 574 2398 vitatis,
589 2320 832 2386 excecationem
851 2321 1002 2406 proximi,
1016 2334 1049 2386 et
1063 2323 1287 2388 exterminium
1304 2327 1404 2390 totius

449 2423 633 2488 honestatis.
679 2426 729 2488 An
751 2435 881 2487 nonest
904 2421 976 2487 talis
991 2445 1054 2488 nou
1077 2424 1175 2488 modo
1196 2425 1370 2512 ejiciendus
1383 2447 1404 2490 a

448 2523 544 2605 clero,
558 2523 613 2589 sed
628 2546 648 2588 a
662 2535 731 2590 toto
745 2522 889 2587 fidelium
904 2520 1016 2588 coetu?

450 2789 530 2877 Cap.
546 2787 577 2856 6.
603 2787 696 2865 Quod
730 2788 917 2854 adulatores
952 2791 1161 2874 multiplicati
1195 2798 1274 2855 aunt
1306 2811 1404 2874 super

491 2912 673 2969 numerum,
703 2896 734 2954 at
761 2913 784 2954 a
815 2893 989 2973 preclaris
1017 2893 1162 2956 domibus
1190 2894 1342 2968 honestos,
1371 2899 1403 2956 et

344 3023 354 3039 ·
392 3011 394 3016 '
490 2993 660 3057 dissimiles
673 2994 737 3072 sui,
751 2993 927 3073 capellani.

491 3125 574 3188 Hac
595 3136 700 3189 tamen
721 3123 830 3209 pestis,
847 3124 916 3210 jam
936 3126 970 3191 in
992 3140 1129 3209 tantum,
1143 3129 1285 3194 Domino
1297 3129 1402 3215 indig-

447 3239 553 3304 nante,
563 3222 710 3302 invaluit,
723 3237 761 3290 ut
772 3225 798 3290 si
811 3238 941 3292 ventum
951 3229 1035 3295 forte
1045 3231 1144 3296 fuerit
1154 3230 1195 3296 ad
1207 3232 1403 3312 conflictum,

447 3351 558 3393 vereor
584 3349 623 3393 ne
646 3328 808 3394 modestos
831 3342 863 3394 et
890 3330 990 3396 bonos
1015 3333 1099 3398 viros
1126 3333 1248 3417 possint
1273 3333 1403 3399 facilius

342 3509 350 3522 ·
447 3431 616 3516 expellere,
629 3455 725 3518 quam
741 3432 870 3519 expelli.
914 3435 1021 3520 Serpit
1035 3434 1117 3497 enim
1133 3432 1246 3496 illuvio
1259 3433 1401 3515 t'oeda,et

446 3533 576 3598 morbus
591 3555 777 3598 cancerosus
797 3534 831 3597 in
854 3557 976 3613 omues,
993 3547 1029 3599 ut
1045 3532 1154 3598 nullus
1168 3548 1225 3598 aut
1240 3558 1333 3600 rarus
1348 3537 1400 3614 sit,

446 3654 543 3718 quem
560 3632 646 3696 labes
660 3633 722 3697 ista
737 3655 799 3696 non
822 3634 970 3699 maculet.
1016 3636 1135 3700 Omnes
1149 3637 1233 3700 enim
1249 3637 1400 3705 affectant

445 3731 692 3798 benivolentiam
723 3755 845 3810 eorum,
875 3755 948 3798 cum
978 3736 1098 3821 quibus
1127 3736 1258 3804 vivitur.
1302 3738 1399 3814 Quod

446 3833 575 3922 quidem
592 3853 654 3898 non
671 3833 765 3898 modo
782 3834 903 3900 licitum
924 3850 984 3915 est,
999 3838 1054 3902 sed
1072 3838 1262 3916 honestum
1286 3853 1401 3927 utpote

445 3940 564 4014 omnia,
579 3959 654 4024 quae
669 3950 784 4002 natura
799 3937 958 4003 virtutum
978 3963 1105 4027 parens,
1120 3954 1153 4007 et
1168 3956 1256 4008 recte
1270 3942 1399 4007 vivendi

444 4037 514 4102 dux
543 4039 677 4125 optima,
706 4038 821 4125 gignit.
880 4042 943 4106 Sed
972 4042 1050 4108 dum
1080 4043 1162 4110 hanc
1189 4045 1398 4121 affectionem,

445 4138 672 4207 moderationis
693 4140 805 4226 regula
828 4141 957 4222 deserit,
977 4145 1082 4210 fertur
1105 4148 1138 4210 in
1162 4168 1315 4233 praeceps,
1334 4146 1400 4211 dis·

443 4257 638 4329 currensque
661 4265 718 4329 per
742 4246 850 4309 omnia
872 4246 1008 4330 agenda,
1036 4259 1067 4311 et
1094 4270 1157 4312 uon
1179 4249 1314 4332 agenda,
1340 4271 1400 4335 per

443 4343 607 4409 infamiam
633 4358 664 4410 et
694 4345 807 4410 bonam
832 4346 963 4429 famam,
986 4348 1105 4414 favoris
1134 4372 1262 4434 auceps,
1285 4349 1399 4436 gratiae
