3425 5367
483 747 542 806 tlt
728 757 865 802 sonuum
880 755 1161 801 saausansuuusts
1297 734 1381 817 [ma.
1396 758 1434 802 11.

481 921 570 974 tanta
589 931 655 972 suaa
679 906 863 974 stabilitatis
886 905 1106 971 incolumitate
1130 904 1215 990 viget
1237 918 1269 971 et
1287 906 1378 982 vivit,
1393 920 1432 970 ut

483 1009 572 1075 nullo
593 1033 699 1074 rerum
716 1021 804 1074 motu
820 1008 959 1085 concuti,
974 1007 1064 1072 nulla
1085 1008 1186 1093 possit
1200 1009 1367 1099 temporis,¹
1375 1021 1433 1072 aut

482 1135 573 1178 casus
586 1110 800 1177 mutabilitate
815 1109 961 1174 convelli.

484 1393 562 1478 Cap.
578 1400 632 1457 22.
660 1394 752 1468 Quod
765 1415 805 1457 ec
822 1373 1048 1474 possibilium
1062 1399 1220 1473 sequatur
1233 1395 1434 1476 impossibile,

525 1504 556 1558 et
576 1496 655 1576 qnid
671 1517 711 1559 ec
724 1516 787 1577 quo
801 1496 980 1557 necessario
997 1500 1212 1574 consequatur
1232 1499 1320 1558 accit
1335 1497 1435 1559 Attia·

527 1597 640 1674 simus,
654 1599 712 1678 qai
725 1598 831 1686 omnic
846 1597 933 1658 solus
946 1600 1059 1676 potest.

527 1732 647 1793 lusus
658 1741 763 1793 tamen
775 1728 895 1804 dicens,
905 1728 965 1790 nisi
974 1726 1114 1792 evenerit
1122 1725 1245 1813 aliquid
1255 1729 1342 1815 quod
1354 1752 1435 1814 prae-

483 1828 575 1906 vidit,
585 1830 666 1894 illud
681 1843 767 1893 certa
782 1828 1011 1913 significatione
1025 1828 1248 1914 complectens,
1259 1831 1341 1894 forte
1355 1831 1434 1917 lapi-

483 1928 556 1992 dem
579 1951 760 1992 recasurum
783 1930 815 1992 in
839 1943 966 2005 terram,
980 1930 1105 1994 fallitur
1126 1929 1302 2015 dispositio.
1348 1929 1435 2003 Quia

482 2053 560 2113 ergo
575 2030 656 2115 lapis
678 2053 741 2094 non
765 2032 904 2094 recidere
926 2044 1044 2117 potest,
1063 2033 1157 2117 jubes
1172 2055 1223 2094 me
1245 2033 1286 2095 de
1308 2032 1435 2097 duobus

482 2132 608 2216 eligere,
624 2153 760 2216 quorum
777 2147 928 2195 neutrum
944 2133 1155 2198 communiter
1172 2134 1380 2220 approbatur,
1397 2148 1433 2200 ut

480 2235 533 2298 vel
546 2234 649 2298 fatear
663 2234 894 2319 providentiam
910 2258 1003 2321 posse
1016 2237 1096 2312 falli,
1112 2237 1200 2321 quod
1216 2236 1295 2300 fides
1315 2238 1432 2306 abbor-

480 2347 542 2412 ret,
560 2335 620 2414 vel,
641 2335 731 2420 quod
753 2336 908 2399 absonum
931 2350 990 2415 est,
1013 2361 1054 2401 ex
1076 2338 1219 2422 possibili
1240 2338 1433 2423 impossibile

480 2436 702 2501 consecutione
732 2459 806 2499 vera
840 2438 1033 2502 consentiam
1068 2442 1204 2504 evenire.
1263 2441 1434 2522 Angustiae

479 2538 610 2625 quidem
634 2551 709 2602 sunt
734 2538 888 2624 undique.
943 2539 1040 2618 Hinc,
1063 2564 1101 2603 ne
1126 2541 1265 2604 divinam
1292 2545 1434 2607 minuam

479 2643 697 2728 majestatem
727 2642 813 2717 inde,
835 2664 876 2704 ne
898 2646 1072 2706 multorum
1095 2642 1287 2708 clamoribus
1308 2657 1340 2710 et
1366 2668 1434 2709 sen-

482 2745 603 2822 tentiae,
627 2745 783 2831 quaejam
807 2744 875 2807 fere
895 2744 1041 2809 omnibus
1062 2767 1213 2828 persuasa
1234 2760 1295 2822 est,
1310 2759 1433 2810 coutra-

481 2847 595 2912 dicam.
635 2847 697 2911 Sed
714 2846 790 2930 quia
805 2846 918 2910 melius
929 2859 977 2910 est
991 2847 1130 2911 incidere
1144 2846 1177 2910 in
1193 2847 1317 2932 linguas
1331 2847 1432 2911 homi-

480 2973 570 3029 num,
596 2971 692 3035 quam
721 2949 819 3033 impie
846 2952 963 3012 versari
992 2951 1025 3012 in
1058 2953 1175 3025 Deum,
1202 2952 1228 3013 si
1259 2965 1432 3035 utrumque

482 3051 583 3113 vitare
604 3071 667 3111 non
690 3071 832 3133 possum,
848 3049 987 3111 absonus
1009 3049 1092 3111 malo
1115 3050 1226 3129 videri,
1241 3075 1338 3136 quam
1360 3073 1431 3136 per·

480 3149 574 3212 fidus.
613 3148 765 3210 Nondum
781 3151 897 3210 etenim
910 3147 1059 3211 omnibus
1072 3171 1259 3232 persuasum
1272 3167 1331 3228 est,
1344 3151 1431 3237 quod

480 3271 520 3313 ex
535 3247 676 3334 possibili
692 3247 885 3331 impossibile
900 3269 962 3310 non
979 3259 1140 3332 sequatur.
1179 3253 1263 3313 Nam
1280 3251 1340 3312 hoc
1355 3273 1434 3315 non-

479 3349 558 3415 nulli
573 3349 750 3434 recipiunt3
775 3348 829 3411 sed
845 3369 884 3410 an
901 3359 996 3427 recte,
1008 3347 1146 3410 viderint
1158 3347 1218 3433 ipsi
1230 3361 1261 3411 et
1272 3347 1432 3432 judicent.

479 3457 522 3517 At
538 3467 575 3516 ut
591 3475 630 3515 ex
646 3472 721 3513 vero
744 3449 862 3513 falsum
884 3461 1048 3534 sequatur,
1065 3469 1157 3510 nemo
1180 3451 1304 3533 sapiens
1325 3458 1433 3537 acqui.

479 3553 565 3616 escit.
612 3553 727 3614 Verum
745 3550 902 3634 siquidem
918 3573 957 3612 ex
974 3549 1054 3611 falso
1070 3549 1215 3633 sequitur
1230 3563 1262 3614 et
1278 3575 1364 3630 vero,
1377 3554 1432 3617 sed

480 3674 519 3715 ex
543 3673 630 3726 vero,
655 3672 717 3712 non
745 3649 804 3712 nisi
829 3671 950 3714 verum.
996 3653 1049 3713 Ex
1073 3651 1216 3735 possibili
1243 3675 1374 3739 quoque
1399 3669 1432 3720 et

478 3751 676 3839 impossibili,
691 3749 851 3814 interdum
877 3750 1025 3835 possibile
1040 3755 1207 3837 sequitur;
1238 3777 1301 3818 non
1325 3769 1431 3820 tamen

480 3852 650 3939 ex'quovis
664 3850 854 3937 impossibili
869 3851 976 3914 omnia
993 3852 1209 3937 impossibilia.
1255 3855 1325 3919 Nisi
1349 3857 1433 3921 sorte

478 3953 563 4018 alind
581 3951 639 4016 tibi
654 3952 866 4036 persuaserint
878 3950 935 4030 illi,
947 3974 1084 4037 quorum
1101 3956 1128 4016 si
1138 3954 1244 4018 omnia
1255 3979 1330 4019 vera
1345 3970 1431 4033 sunt,

478 4077 515 4118 ex
533 4075 598 4116 uno
622 4051 818 4138 impossibili,
834 4068 1016 4139 sequuntur
1039 4053 1145 4118 omnia
1167 4056 1383 4142 impossibilia,
1399 4071 1430 4123 et

478 4179 516 4220 ex
541 4155 655 4240 quovis
678 4153 768 4229 falso,
786 4154 938 4240 quaelibet
963 4155 1052 4220 falsa.
1098 4158 1133 4221 Si
1147 4178 1222 4221 vero
1239 4159 1431 4224 obtinuisses

477 4279 517 4322 ex
531 4278 606 4318 vero
620 4254 749 4330 falsum,
760 4255 836 4340 jure
847 4275 879 4318 et
895 4278 934 4318 ex
950 4259 1106 4320 sententia
1116 4261 1270 4334 omnium,
1282 4280 1431 4343 quererer

476 4382 526 4426 me
551 4380 570 4421 a
599 4355 710 4420 semita
736 4355 878 4420 veritatis
907 4356 1094 4421 abductum.
1147 4362 1220 4423 Non
1246 4372 1351 4423 tamen
1382 4360 1431 4423 his
