3425 5367
479 656 516 717 1s
736 669 874 715 scaurus
890 670 1167 716 sanesesmsusrs
1305 653 1387 734 [nm.
1405 672 1426 722 ι,

475 822 671 907 prodigit,‘et
692 823 726 886 in
748 824 975 888 contumeliam
997 822 1137 888 auctoris
1150 823 1308 888 effundit?
1339 823 1427 896 Quid

474 946 513 989 co
536 926 670 1003 brutius,
685 926 742 1008 qui
764 944 806 989 ex
829 925 958 990 defectu
980 924 1124 1003 rationis,
1138 935 1171 989 et
1191 926 1332 1010 impulsu
1353 926 1426 988 libi·

475 1024 571 1099 dinis,
588 1025 728 1090 dimissis
749 1027 899 1110 propriis,
914 1028 1019 1091 aliana
1039 1027 1169 1108 negotia
1191 1037 1290 1105 curat,
1304 1038 1338 1090 et
1357 1048 1425 1089 non

473 1126 571 1191 modo
585 1128 733 1209 negotiis,
749 1124 807 1191 sed
822 1139 854 1192 et
869 1128 984 1192 alienis
999 1128 1079 1192 ociis
1091 1126 1213 1212 jugiter
1225 1128 1424 1214 occupatur?

473 1228 561 1301 Quid
576 1251 615 1293 eo
630 1230 804 1308 bestialius,
817 1231 873 1315 qui
888 1231 1007 1295 omisso
1023 1230 1140 1305 officio,
1153 1229 1193 1292 de
1207 1229 1314 1294 media
1327 1242 1423 1294 nocte

472 1331 582 1411 surgit,
613 1341 648 1394 ut
675 1332 846 1413 sagacitate
882 1354 1010 1411 canum,
1039 1341 1224 1394 venatorum
1255 1331 1423 1407 industria,

471 1430 576 1495 studio
607 1430 874 1509 commilitonum,
904 1432 1098 1496 servulorum
1130 1430 1227 1494 fretus
1259 1433 1423 1516 obsequio,

471 1532 623 1617 temporis
634 1542 667 1597 et
681 1534 773 1597 samae
783 1532 922 1618 jactura,
933 1555 1038 1598 rerum
1047 1533 1231 1618 laborisque
1242 1533 1421 1619 dispendio,

471 1630 511 1696 de
526 1643 620 1698 nocte
637 1633 677 1697 ad
693 1644 823 1698 noctem
838 1644 960 1719 pugnet
974 1634 1016 1699 ad
1030 1632 1173 1699 bestias?

648 1905 728 1988 Cap.
744 1911 775 1967 2.
802 1905 893 1972 Quid
906 1907 941 1966 in
956 1903 1076 1966 studiis
1089 1906 1243 1967 alienum.

510 2031 673 2093 Auruncu
688 2029 831 2113 profecto
846 2039 907 2106 est,
923 2028 1011 2113 quod
1025 2030 1106 2093 ratio
1119 2040 1240 2095 naturae
1256 2033 1307 2096 vel
1321 2034 1420 2097 officii

466 2152 530 2194 non
546 2128 680 2207 inducit,
695 2129 721 2192 si
737 2138 843 2192 tamen
859 2127 1020 2191 interdum
1032 2139 1120 2193 recte
1135 2130 1253 2195 dicitur
1267 2132 1418 2209 alienum,

466 2229 552 2313 quod
567 2229 685 2292 rectius
700 2228 802 2292 fuerat
819 2248 944 2309 semper
963 2228 1059 2292 fuisse
1073 2230 1202 2295 nullius.
1247 2232 1328 2304 Quae
1343 2254 1418 2297 vero

463 2341 584 2394 naturae
599 2340 683 2408 sunt,
697 2350 848 2413 peraeque
864 2340 939 2393 sunt
957 2330 1119 2408 omnium3
1148 2354 1221 2416 quae
1237 2334 1345 2412 officii,
1361 2357 1418 2399 sua

465 2441 539 2497 sunt
558 2432 767 2513 singulorum.
812 2430 908 2495 Aliud
930 2432 1040 2515 itaque
1062 2454 1105 2497 ex
1125 2432 1245 2514 officio,
1265 2436 1352 2499 aliud
1374 2458 1417 2499 ex

463 2542 593 2597 natura:
623 2534 700 2597 licet
714 2543 835 2596 ueturae
851 2532 899 2596 vis
919 2554 961 2595 ex
976 2533 1084 2597 officio
1107 2533 1270 2599 debeatur.
1314 2538 1417 2601 Parri-

463 2634 539 2699 cidii
554 2635 710 2721 siquidem
727 2635 851 2719 species
872 2643 930 2709 est,
946 2636 1133 2720 impugnare
1149 2637 1225 2721 jura
1238 2650 1370 2717 naturae,
1385 2651 1417 2703 et

462 2739 617 2821 sacrilegii
646 2739 756 2814 instar,
782 2737 924 2821 parentis
953 2738 1041 2820 leges
1068 2759 1234 2818 evacuare,
1264 2750 1295 2803 et
1324 2742 1416 2805 matri

461 2841 601 2905 omnium
617 2842 770 2904 honorem
787 2840 933 2904 debitum
949 2862 1015 2903 non
1030 2842 1153 2905 referre.
1196 2842 1292 2913 Quod
1307 2852 1413 2907 tamen

460 2942 539 3004 ratio
555 2962 597 3005 ex
618 2941 763 3004 honestis
786 2942 891 3003 causis
913 2939 1064 3016 admittit,
1077 2962 1144 3003 non
1158 2950 1208 3003 est
1229 2942 1416 3025 simpliciter

460 3040 609 3102 alienum.
655 3038 690 3100 Si
719 3036 865 3100 modesta
892 3038 972 3098 forte
996 3035 1192 3120 jucunditas,
1218 3042 1270 3101 vel
1293 3042 1415 3106 utilitas

459 3139 580 3215 subest,
595 3146 628 3200 et
647 3135 769 3199 nemini
790 3144 957 3210 noceatur,
972 3133 1051 3210 (hoc
1073 3134 1192 3197 etenim
1214 3156 1279 3199 non
1302 3141 1413 3204 edver-

458 3251 546 3303 satur
566 3238 673 3303 officio
688 3237 737 3301 vel
760 3238 914 3316 neturae3)
945 3234 994 3297 sin
1018 3243 1122 3298 autem
1137 3234 1304 3319 impugnet
1318 3240 1412 3303 alter·

458 3354 574 3421 utrum,
596 3340 701 3405 statim
726 3349 829 3405 estet
853 3336 1040 3420 simpliciter
1065 3336 1216 3412 alienum,
1239 3352 1272 3402 et
1297 3363 1411 3426 usque-

458 3464 585 3528 quaque
599 3462 665 3505 uon
680 3441 764 3504 licet.
809 3438 919 3522 Hujus
938 3438 1047 3520 iteque
1063 3440 1270 3504 contrectatio
1284 3464 1411 3527 semper

457 3554 514 3623 est,
530 3551 586 3605 aut
600 3540 715 3605 erroris
730 3551 786 3603 aut
801 3538 952 3603 criminis.
1185 3545 1191 3554 “

456 3815 537 3900 Cap.
552 3820 582 3878 3.
610 3812 811 3877 Distributio
831 3810 1020 3897 officiorum,
1041 3835 1084 3878 ex
1100 3813 1234 3896 politica
1255 3820 1409 3881 constitu-

804 3914 891 3978 tione
904 3922 1059 3979 veterum.

494 4050 707 4113 Prrrnosoeer
718 4048 873 4128 gentium,
879 4047 1128 4132 justitiamque
1137 4047 1269 4130 politica
1278 4049 1407 4130 dicitur,

451 4150 622 4236 preceptis
642 4160 674 4214 et
693 4148 835 4213 moribus
854 4148 1075 4227 informantes,
1096 4149 1188 4234 cujus
1209 4151 1321 4214 merito
1343 4174 1407 4217 res-

450 4252 581 4336 publica
606 4251 772 4315 hominum
799 4249 945 4315 subsistit
970 4261 1003 4313 et
1030 4250 1125 4330 viget,
1147 4272 1407 4341 unumquemque
