3425 5367
316 753 386 799 cao.
401 740 464 818 η]
638 754 895 802 oonrcusncns.
1206 734 1266 797 185

317 918 487 972 versentur.
520 908 617 972 Unde
637 908 776 971 Etbicus
793 906 939 991 inquieto
960 915 1051 970 extra
1071 927 1103 970 se
1123 907 1265 990 ineptam

315 1008 548 1072 beatitudinem
563 1010 748 1093 inquirenti,

504 1157 523 1187 ο
700 1115 780 1178 Quod
792 1115 887 1184 quaeris
898 1115 994 1185 ubique
1005 1118 1054 1179 est,

420 1201 470 1254 Est
482 1200 601 1266 Ulubris,
612 1201 714 1253 animus
726 1202 749 1254 si
760 1205 788 1254 ts
797 1219 849 1253 uon
860 1199 948 1253 deficit
958 1217 1056 1270 aequus.

316 1352 395 1436 Cap.
412 1357 439 1415 9.
468 1352 564 1420 Quod
583 1351 722 1414 mondus
746 1369 822 1413 suos
840 1351 936 1414 habet
956 1349 1087 1431 Elysios
1097 1372 1110 1424 ;
1133 1358 1165 1412 et
1184 1350 1271 1432 qood

359 1453 473 1515 eodem
488 1452 576 1533 fides
601 1461 648 1515 est
672 1452 777 1513 nostri
791 1453 947 1534 temporis
972 1458 1004 1514 et
1013 1452 1268 1532 procedentium

351 1559 499 1634 potrum,
515 1561 548 1616 et
561 1553 690 1617 virtutis
704 1553 842 1615 cultores
855 1554 1050 1633 inspectores
1061 1560 1137 1614 sont
1152 1552 1270 1616 theatri

359 1653 465 1734 trustra.

360 1765 510 1828 Morsus
524 1763 620 1844 igitur
635 1783 711 1826 suos
728 1762 826 1825 habet

420 1869 532 1939 Elysios,
545 1869 676 1938 solemque
687 1887 763 1923 suum
775 1874 803 1921 et
814 1885 862 1921 sua
873 1868 959 1921 sidera
970 1869 1048 1922 norit.

314 1968 423 2031 Virtus
443 1967 602 2050 siquidem
626 1967 736 2030 solaris
762 1965 892 2049 quidam
919 1965 1027 2029 radius
1053 1975 1112 2044 est,
1138 1987 1158 2030 a
1183 1967 1269 2030 sonte

314 2067 467 2132 claritatis
486 2067 636 2130 omuibus
659 2065 751 2129 datus
766 2066 800 2127 in
817 2087 921 2144 usum,
944 2067 1045 2148 etqui
1066 2067 1175 2130 omnia
1197 2089 1268 2151 quae

314 2167 453 2250 attingit,
473 2168 616 2231 claritate
639 2167 688 2229 sui
709 2167 807 2230 faciat
829 2167 960 2231 eximia.
1006 2168 1087 2230 Inde
1108 2180 1164 2246 est,
1181 2169 1268 2253 quod

316 2269 412 2333 etiam
440 2268 498 2345 illi,
524 2290 607 2352 quos
632 2267 730 2352 hujus
753 2266 834 2331 radii
859 2280 1020 2346 venustas,
1046 2271 1139 2352 quasi
1163 2292 1269 2354 reper-

315 2391 409 2433 cussa
434 2370 543 2452 specie
566 2366 615 2432 sui
642 2368 766 2432 ridetur
788 2369 925 2447 afflasse,
953 2371 1058 2432 statim
1086 2371 1121 2433 iu
1145 2373 1270 2457 subjec-

315 2481 420 2534 torum
446 2480 622 2552 conspectu
647 2471 837 2547 clarescunt,
861 2469 1005 2553 fiuntque
1030 2471 1268 2554 quodammodo

315 2569 443 2632 virtutis
457 2569 549 2632 titulo
565 2568 703 2650 gloriosi.
741 2569 835 2632 Absit
851 2570 949 2650 euim,
963 2579 999 2632 ut
1013 2571 1182 2654 quisquam
1199 2593 1269 2634 vere

317 2669 359 2733 sit
388 2667 557 2751 gloriosus,
580 2669 644 2731 nisi
670 2669 727 2752 qui
755 2670 790 2732 iu
816 2669 958 2734 Domino
988 2671 1149 2752 gloriatur.
1194 2674 1270 2737 Nou

316 2772 403 2835 enim
418 2770 472 2854 qui
488 2791 523 2832 se
544 2772 663 2854 ipsum,
679 2781 734 2834 aut
752 2792 846 2854 quem
869 2771 965 2834 homo
986 2773 1199 2854 commendat,
1215 2774 1270 2838 illa

316 2873 470 2958 probatus
492 2880 551 2948 est,
580 2870 637 2935 sed
660 2893 757 2955 quem
785 2871 876 2935 Deus
905 2873 1116 2938 commendat.
1175 2875 1271 2947 Quod

317 2972 427 3055 utique
449 2991 524 3034 vera
538 2979 572 3035 et
585 2972 654 3035 sola
668 2972 767 3035 virtus
782 2983 929 3052 meretur,
943 2995 1008 3037 non
1024 2986 1270 3059 quantacunque

318 3073 440 3136 virtutis
464 3073 579 3154 imago.
624 3075 700 3137 Hoc
728 3083 835 3138 autem
856 3096 928 3139 esse
950 3076 1094 3155 arbitror,
1116 3076 1270 3161 quicquid

317 3175 353 3238 in
367 3173 510 3238 moribus
524 3175 687 3256 egregium
705 3173 746 3238 de
761 3185 882 3240 naturae
902 3178 1073 3257 beneficio,
1096 3189 1128 3242 et
1147 3179 1271 3242 exerci-

317 3274 364 3337 tio
379 3274 496 3338 mentis
512 3274 591 3337 citra
606 3275 750 3356 gratiam,
764 3275 951 3359 philosophi
968 3279 1029 3340 sibi
1039 3279 1270 3361 repromittunt,

318 3397 423 3460 eoque
438 3375 510 3459 ipso
522 3387 717 3439 evanuerunt
727 3376 759 3438 in
770 3377 1020 3458 cogitationibus
1031 3377 1109 3452 suis,
1120 3377 1270 3440 delibero

318 3476 431 3540 confisi
453 3477 595 3554 arbitrio,
617 3485 651 3540 et
672 3476 817 3540 diceutes
832 3499 867 3540 se
890 3498 962 3540 esse
985 3478 1159 3560 sapientes,
1182 3477 1270 3540 stulti

319 3577 395 3641 lacti
411 3589 496 3657 sunt,
510 3579 662 3662 stultique
677 3591 903 3662 appamcmut.
949 3579 1045 3642 Unde
1060 3579 1208 3654 EthicuS,

564 3685 634 3736 Satis
646 3701 719 3737 orare
731 3684 823 3736 lovem
834 3685 878 3753 qui
890 3684 970 3736 doust
982 3689 1009 3737 et
1019 3683 1112 3750 aufert,

391 3767 447 3820 Det
457 3767 549 3832 vitam,
561 3768 606 3820 det
617 3785 686 3862 oppa,
698 3770 813 3822 animum
825 3768 890 3820 mihi
903 3786 952 3836 ego
964 3769 1019 3840 ipse
1031 3769 1136 3840 parabo.

320 3865 411 3928 Alius
426 3885 566 3948 quoque,

391 3969 501 4022 Nullum
512 3987 609 4023 numen
619 3970 702 4023 habes
714 3971 736 4022 si
747 3971 782 4022 sit
793 3971 946 4041 prudentia;
964 3973 1010 4026 sed
1021 3991 1068 4026 uos

388 4055 431 4108 Te
441 4055 562 4120 facimus,
573 4054 685 4122 fortuna,
698 4056 783 4120 deam,
792 4055 909 4126 coeloque
921 4056 1044 4112 locamus.

321 4151 402 4214 Cato
416 4173 555 4236 quoque,
570 4153 647 4216 licet
663 4175 769 4216 verum
786 4175 850 4216 non
867 4155 1050 4236 agnovisset
1062 4160 1179 4238 Deum,
1195 4183 1272 4241 gen·

322 4249 465 4333 tiumque
491 4253 772 4335 superstitionibus
789 4257 959 4334 aberraret,
983 4257 1016 4319 iu
1041 4259 1145 4342 Lybia
1168 4271 1272 4326 tamen

323 4349 346 4408 J
348 4350 426 4427 ovis,
442 4373 537 4433 quem
550 4354 689 4432 colebat,
700 4357 893 4438 contempsit
906 4359 1046 4438 oracula,
1056 4381 1089 4422 sc
1100 4359 1139 4423 ad
1152 4383 1272 4443 eaquae
