3425 5367
430 670 489 733 lac
704 679 841 732 soanurs
857 685 1137 733 saansasmnnsrs
1249 665 1329 750 [nm.
1346 688 1383 732 11.

433 857 490 902 nec
506 834 665 904 sideribus
683 859 790 902 rerum
810 837 1004 924 pollicentur
1018 839 1164 915 effectus,
1185 860 1243 901 nec
1261 860 1313 902 eas
1334 860 1390 902 ne-

433 935 572 1002 cessitati
585 937 655 1023 lege
665 938 882 1024 dispositionis
893 938 1148 1026 astringunt,sed
1159 941 1237 1025 quia
1248 951 1389 1005 venturae

435 1051 521 1114 sunt,
536 1040 697 1126 certisque
712 1041 967 1126 pronunciantur
989 1041 1127 1120 indiciis,
1142 1041 1313 1127 praedicere
1326 1063 1390 1104 non

435 1153 596 1210 verentur.
658 1142 721 1206 Sed
752 1143 777 1207 si
806 1142 991 1208 futurorum
1021 1155 1127 1229 potest
1156 1143 1235 1206 ordo
1262 1142 1389 1221 mutari,

435 1244 639 1306 temerarium
654 1255 702 1308 est
716 1267 783 1308 rem
799 1243 849 1312 sui
863 1257 980 1307 natura
990 1244 1153 1323 incertam,
1164 1255 1251 1306 certo
1258 1241 1391 1306 diffinire

432 1341 567 1430 judicio.
610 1345 667 1408 Sin
682 1357 790 1410 nutem
805 1344 925 1408 mutari
947 1367 1010 1408 non
1033 1357 1149 1431 potest,
1164 1343 1241 1429 quid
1262 1344 1390 1429 prodest

436 1457 526 1509 tanta
540 1444 724 1511 curiositate
740 1446 888 1526 scrutari,
902 1447 990 1532 quod
1006 1445 1096 1510 nulla
1110 1458 1214 1532 potest
1226 1443 1389 1530 diligentia

437 1545 615 1611 declinari?
639 1547 704 1613 Sed
718 1548 802 1612 forte
817 1547 877 1611 etsi
892 1548 985 1612 aliter
1000 1571 1067 1614 esse
1082 1547 1193 1633 possit,
1211 1570 1260 1611 res
1273 1547 1391 1610 incerta

438 1662 577 1727 nonest,
594 1649 869 1736 temeritatemque
886 1649 999 1735 judicii
1016 1661 1147 1713 excusat
1169 1648 1251 1712 ratio
1264 1647 1390 1711 indubi-

439 1761 508 1814 tata
530 1749 704 1836 signorum.
750 1750 841 1813 Licet
869 1749 951 1813 enim
976 1752 1019 1814 sit
1040 1748 1192 1834 possibile
1214 1769 1279 1810 rem
1301 1745 1391 1810 aliter

439 1871 517 1924 esse,
534 1872 603 1913 eam
616 1861 722 1914 tamen
733 1849 779 1913 ita
794 1849 937 1913 futuram
950 1871 1027 1926 esse,
1037 1848 1204 1912 manifesta
1215 1848 1304 1932 signa
1312 1867 1392 1928 prae-
1463 1937 1470 1942 ·

439 1953 602 2015 nunciant.
659 1952 726 2013 Nec
755 1972 837 2026 mea,
866 1949 973 2036 inquit
1002 1963 1163 2015 astrorum
1193 1947 1390 2022 secretarius,
1474 1999 1486 2006 .

438 2049 581 2129 interest,
596 2073 637 2112 an
653 2051 746 2113 aliter
763 2072 829 2113 esse
850 2051 964 2133 possit,
985 2050 1062 2114 dum
1081 2049 1114 2114 id
1135 2049 1176 2112 de
1195 2072 1260 2134 quo
1274 2047 1391 2132 agitur,

439 2156 485 2217 ita
499 2151 646 2214 futurum
662 2172 808 2214 essenon
824 2149 979 2217 dubitem.
1027 2151 1091 2214 Sed
1102 2172 1247 2236 quaenam
1263 2161 1309 2213 est
1325 2149 1393 2212 haec

439 2249 600 2316 certitudo
622 2253 810 2335 signorum?
842 2251 967 2336 Nempe
989 2272 1096 2314 rerum
1127 2249 1316 2335 plerumque
1338 2272 1393 2312 ex·

441 2351 655 2438 perimentum
685 2349 794 2428 fallax,
829 2351 990 2436 judicium
1020 2349 1158 2424 difficile,
1187 2350 1394 2436 ipsorumque

443 2453 602 2538 signorum
626 2452 715 2516 varia
736 2465 784 2516 est
806 2466 836 2516 et
861 2452 1028 2538 multiplex
1051 2453 1248 2536 significatio.
1296 2454 1396 2516 Porro

441 2555 579 2622 varietas
600 2555 846 2641 ambiguitatem
876 2555 1022 2621 inducit:
1053 2555 1086 2618 in
1108 2554 1267 2639 ambiguis
1288 2566 1395 2618 autem

441 2659 544 2724 omnis
565 2657 713 2723 diffinitio
734 2657 913 2744 periculosa
926 2671 985 2723 est.
1032 2657 1093 2722 Sed
1114 2670 1182 2721 esto
1203 2655 1291 2741 quod
1306 2655 1396 2739 signa

442 2759 614 2826 uniformia
636 2760 711 2844 sint,
734 2760 821 2824 unde
842 2760 898 2824 illa
921 2784 984 2824 una
1007 2760 1195 2846 significatio
1216 2758 1397 2836 innotescit,

441 2875 498 2927 aut
514 2861 594 2950 quid
610 2859 758 2947 perhibet
772 2883 842 2926 eam
857 2884 928 2925 esse
944 2861 1081 2926 falsam?
1104 2865 1241 2939 Natura,
1265 2860 1396 2946 inquis?

443 2963 545 3028 lllane
560 2983 635 3048 quae
649 2961 681 3026 in
697 2963 804 3038 rebus,
820 2983 861 3025 an
884 2985 959 3047 quoe
973 2963 1006 3025 in
1018 2963 1128 3026 divina
1139 2963 1309 3037 voluntati,
1326 2983 1399 3026 con-

442 3061 551 3129 sistit?
575 3062 687 3142 Porro,
701 3061 819 3126 divinae
842 3085 906 3125 non
927 3062 1085 3146 obloquor
1108 3062 1278 3139 voluntati,
1297 3067 1398 3128 sciens

441 3165 518 3250 quia
546 3159 664 3239 omnia,
694 3183 908 3247 quaecumque
937 3162 1052 3238 voluit,
1081 3163 1167 3224 fecit.
1213 3164 1247 3226 Si
1273 3187 1311 3224 ea
1340 3164 1399 3228 tibi

427 3263 594 3346 innotuit,
605 3263 685 3328 bene
701 3275 759 3330 est.
803 3267 899 3329 Potes
913 3263 1027 3350 utique
1041 3263 1207 3326 inlumina
1220 3262 1276 3324 illo
1290 3262 1399 3327 videre

442 3365 561 3448 lumen,
575 3377 608 3432 et
624 3387 699 3430 vera
719 3364 903 3431 indubitata
922 3364 962 3429 de
978 3365 1060 3428 libro
1079 3362 1233 3450 prolerre,
1255 3362 1311 3447 qui
1327 3364 1398 3429 aliis

442 3468 596 3554 signatus,
610 3467 670 3531 tibi
679 3479 809 3551 apertus
819 3479 878 3541 est,
894 3467 926 3528 in
942 3489 1007 3550 quo
1023 3478 1097 3529 sunt
1108 3487 1217 3530 omnes
1232 3465 1396 3552 sapientise

442 3580 474 3632 et
490 3567 628 3632 scientiae
645 3567 785 3630 thesauri
805 3565 995 3643 absconditi,
1018 3555 1114 3654 quem
1137 3568 1255 3633 nemini
1275 3572 1398 3655 aperire

441 3666 564 3734 licitum
587 3689 653 3730 esse
675 3667 850 3742 audieram,
873 3667 932 3730 nisi
954 3691 1038 3753 agno
1061 3669 1118 3754 qui
1139 3671 1264 3736 occisus
1285 3687 1344 3753 est,
1365 3686 1398 3738 et

442 3779 576 3832 mortem
598 3767 718 3832 virtute
738 3769 870 3854 propria
889 3772 1059 3836 interemit.
1105 3772 1180 3836 Noli
1195 3774 1310 3838 amodo
1324 3796 1398 3838 cum

442 3869 598 3954 Apostolo
621 3869 728 3933 mirari
752 3870 954 3935 altitudinem
976 3873 1159 3938 drvitiarum
1183 3875 1346 3961 sapientioe
1365 3887 1398 3939 et

443 3969 583 4034 scicntiae
598 3971 672 4050 Dei,
687 3993 786 4056 quum
804 3972 864 4036 tibi
881 3975 1175 4060 comprehensibilia
1194 3976 1258 4041 sint
1273 3975 1398 4062 judicia

441 4073 522 4158 ejus,
552 4084 584 4136 et
613 4085 771 4136 astrorum
803 4073 925 4138 ducatu
956 4076 1215 4161 pervestigabiles
1244 4077 1293 4141 vis
1317 4078 1396 4163 ejus,

442 4173 565 4259 tibique
588 4172 743 4238 vadabilis
765 4173 805 4238 sit
823 4174 1018 4259 judiciorum
1040 4177 1109 4260 ejus
1130 4177 1264 4262 abyssus
1285 4177 1398 4240 multa.

444 4276 477 4340 Si
495 4275 534 4340 de
549 4287 715 4341 sanatura
730 4276 839 4341 niteris
853 4299 929 4362 quae
943 4279 975 4341 in
991 4278 1098 4354 rebus,
1113 4278 1146 4342 id
1162 4291 1221 4355 est,
1237 4278 1400 4365 frequenti
