3425 5367
432 692 495 750 tta
691 702 829 748 scamus
844 701 1126 746 sransnsarsrsrs
1244 682 1326 762 [mn.
1344 703 1386 747 ιν.

435 853 546 928 Quum
558 863 665 916 autem
675 851 803 916 eosdem
813 851 853 914 ad
867 853 1032 916 caritatem
1046 865 1077 914 et
1087 851 1288 916 concordiam
1302 876 1390 917 revo-

433 964 544 1029 casset,
574 951 657 1017 dixit
687 950 747 1016 sibi
776 964 930 1037 tanquam
961 952 1094 1030 homini,
1122 964 1155 1016 et
1184 955 1242 1036 qui
1266 954 1391 1038 judicio

434 1054 612 1139 subjaceret
632 1051 843 1131 sacerdotum,
856 1052 1004 1117 illicitum
1028 1074 1095 1116 esse
1110 1055 1255 1116 Deorum
1276 1054 1395 1118 exami-

433 1175 509 1220 nare
523 1174 646 1226 causas,
662 1152 797 1238 quinon
814 1165 946 1237 possunt
961 1151 1020 1215 nisi
1036 1173 1055 1214 a
1071 1151 1137 1214 solo
1153 1154 1224 1215 Deo
1241 1152 1393 1238 judicari.

436 1251 642 1338 Libellosque
665 1273 746 1338 quos
766 1263 934 1338 acceperat
957 1274 1019 1314 non
1039 1251 1210 1337 inspectos,
1232 1253 1323 1317 dedit
1345 1253 1393 1318 in-

434 1353 557 1433 cendio,
570 1367 700 1440 patrum
716 1354 838 1417 veritus
851 1353 986 1416 crimina
1001 1352 1048 1416 vel
1063 1353 1203 1417 convitia
1217 1353 1394 1438 publicare,

437 1469 469 1522 et
495 1454 599 1522 eham
629 1456 757 1542 reprobi
778 1455 837 1518 lilii
862 1453 1115 1518 maledictionem
1143 1453 1315 1533 incurrere,
1338 1455 1395 1542 qui

436 1559 538 1649 patris
552 1559 691 1624 verenda
702 1582 765 1623 non
781 1558 873 1623 texit.
918 1557 1016 1622 Unde
1031 1570 1064 1622 et
1079 1555 1111 1619 in
1128 1557 1255 1643 scriptis
1272 1558 1397 1623 Nicolai

439 1661 577 1728 Romani
602 1661 767 1727 Pontificio
792 1660 879 1724 idem
905 1658 1024 1722 dixisse
1049 1670 1218 1722 narratur:
1260 1660 1339 1724 Vere
1369 1661 1395 1724 si

438 1763 578 1853 propriis
591 1763 692 1828 oculis
707 1762 855 1827 vidissem
879 1760 1072 1824 sacerdotem
1091 1760 1165 1839 Dei,
1180 1772 1237 1824 aut
1257 1761 1396 1847 aliquem

439 1888 549 1932 eorum
566 1866 623 1951 qui
643 1863 827 1928 monachico
841 1862 954 1927 habitu
976 1859 1202 1926 circumamicti
1226 1875 1311 1943 sunt,
1326 1886 1398 1948 pec-

441 1978 577 2043 cantem,
592 1965 791 2049 chlamydem
807 1986 908 2027 meam
929 1961 1132 2048 explicarem,
1148 1976 1179 2026 et
1203 1963 1396 2048 cooperirem

441 2090 527 2148 eum,
552 2089 591 2130 ne
620 2067 661 2130 ab
689 2065 798 2148 aliquo
827 2064 1000 2128 videretur.
1046 2063 1110 2128 Sed
1137 2077 1170 2128 et
1196 2063 1397 2128 Theodosius

442 2190 576 2252 magnus
602 2168 792 2252 Imperator,
814 2164 856 2227 ob
883 2164 1027 2227 meritam
1053 2185 1182 2245 noxam,
1203 2186 1266 2228 uon
1293 2179 1397 2229 tamen

442 2283 574 2335 eotenus
589 2289 730 2353 gravem,
745 2289 765 2330 a
779 2265 943 2332 sacerdote
960 2264 1193 2330 Mediolanensi
1208 2289 1227 2329 a
1242 2266 1396 2352 regalium

443 2393 504 2435 usu
524 2384 557 2435 et
580 2369 756 2452 insignibus
778 2367 901 2454 imperii
926 2390 1098 2454 suspensus
1118 2381 1178 2445 est,
1195 2383 1227 2433 et
1248 2367 1398 2432 indictam

443 2473 502 2538 sibi
518 2471 737 2558 poenitentiam
748 2469 909 2534 homicidii
922 2468 1078 2556 patienter
1093 2483 1125 2533 et
1137 2470 1307 2534 solenniter
1322 2469 1399 2555 egit.

444 2574 594 2639 Profecto
611 2584 647 2636 ut
669 2570 807 2634 doctoris
828 2573 972 2655 gentium
996 2569 1177 2635 testimonio
1200 2584 1283 2650 utar,
1299 2572 1400 2655 major

444 2673 573 2762 estqui
598 2671 769 2748 benedicit,
793 2692 890 2753 quarn
922 2669 978 2756 qui
1005 2670 1216 2749 benedicitur,
1242 2684 1274 2736 ct
1303 2694 1400 2758 penes

444 2801 540 2865 quem
566 2789 613 2841 est
635 2771 834 2838 conferendae
855 2768 1022 2856 dignitatis
1043 2773 1227 2850 auctoritas,
1250 2795 1323 2838 eum
1346 2775 1399 2838 cui

445 2878 585 2964 dignitas
605 2876 675 2961 ipsa
696 2873 872 2950 confertur,
888 2871 1016 2941 honoris
1037 2873 1207 2960 privilegio
1229 2875 1400 2940 antecedit.

444 2981 546 3044 Porro
559 2976 600 3040 de
613 2975 735 3038 ratione
751 2973 847 3058 juris,
862 2974 932 3058 ejus
946 2987 994 3036 est
1017 2972 1111 3048 nolle,
1126 2975 1220 3060 cujus
1243 2989 1290 3040 est
1306 2976 1399 3053 velle,

445 3092 477 3144 et
489 3081 559 3164 ejus
573 3089 620 3141 est
632 3075 768 3151 auferre,
780 3073 836 3160 qui
850 3074 892 3137 de
904 3075 978 3159 jure
990 3074 1134 3139 conferre
1144 3089 1261 3160 potest.
1284 3081 1400 3141 Nonne

448 3181 575 3246 Samuel
589 3179 621 3243 in
639 3178 765 3273 Saulem
781 3199 821 3240 ex
836 3198 933 3240 causa
947 3175 1172 3242 inobedientia
1195 3176 1401 3263 depositionis

446 3284 631 3351 sententiam
647 3278 735 3356 tulit,
750 3292 782 3344 et
797 3279 827 3343 ei
841 3278 874 3342 in
889 3280 978 3364 regni
994 3278 1115 3365 apicem
1130 3280 1282 3344 humilem
1297 3278 1399 3343 filium

447 3386 511 3454 Isai
526 3383 735 3469 subrogavit?
763 3379 796 3446 Si
813 3401 888 3442 vero
903 3381 1096 3444 constitutus
1112 3379 1259 3466 princeps
1274 3401 1401 3464 suscep-

448 3502 516 3554 tum
543 3483 753 3550 ministerium
780 3481 917 3546 fideliter
943 3479 1087 3566 gesserit,
1112 3494 1222 3545 tantus
1246 3481 1275 3545 ei
1300 3481 1401 3546 honor

446 3586 646 3654 exhibendus
667 3597 727 3665 est,
748 3596 781 3647 et
803 3583 978 3647 reverentia
1001 3595 1101 3662 tanta,
1123 3595 1280 3669 quantum
1303 3595 1401 3670 caput

446 3690 594 3756 omnibus
617 3685 768 3751 membris
793 3684 934 3770 eorporis
960 3683 1129 3749 antecellit.
1175 3685 1270 3750 Gerit
1295 3697 1402 3748 autem

446 3791 656 3859 ministerium
678 3787 825 3866 fideliter,
846 3808 948 3873 quum
971 3810 1037 3852 suae
1059 3787 1249 3853 conditionis
1273 3809 1402 3866 memor,

447 3895 664 3960 universitatis
687 3891 903 3976 subjectorum
927 3912 959 3952 se
982 3912 1148 3974 personam
1171 3913 1280 3973 gerere
1300 3911 1404 3953 recor-

448 3998 556 4073 datur,
581 4008 613 4060 et
640 4019 672 4059 se
695 4015 758 4056 non
782 3993 841 4056 sibi
866 4014 954 4056 suam
981 3995 1092 4067 vitam,
1117 3992 1171 4056 sed
1195 3992 1265 4056 aliis
1288 3990 1404 4054 debere

448 4094 620 4182 cognoscit,
644 4106 677 4158 et
702 4116 770 4156 eam
802 4092 864 4155 illis
893 4092 1039 4157 ordinata
1068 4092 1199 4157 caritate
1226 4091 1406 4156 distribuit.

449 4196 569 4262 Totum
594 4218 670 4279 ergo
694 4217 727 4257 se
754 4197 824 4258 Deo
850 4193 958 4269 debet,
984 4193 1154 4278 plurimum
1184 4215 1252 4258 suae
1278 4195 1403 4279 patriae,

449 4300 588 4370 multum
612 4297 806 4386 parentibus,
825 4294 1027 4383 propinquis,
1043 4298 1202 4362 extraneis
1225 4296 1403 4376 minimum,
