3425 5367
299 721 371 766 cnr.
387 711 461 789 vm]
637 727 892 771 vonvcssrrcus.
1187 717 1250 774 ‘243

298 877 446 962 Denique
466 900 562 964 quem
584 877 793 963 superborum
819 877 924 962 legisti
951 900 1083 965 regnare
1109 877 1250 944 diutius?

297 979 420 1042 Eorum
435 1000 573 1064 namque
584 978 638 1064 qui
650 999 708 1064 per
719 977 898 1063 superbiam
910 980 1105 1058 ceciderunt,
1116 977 1250 1044 historia

293 1079 422 1164 copiosa
434 1093 493 1145 est.
538 1081 606 1144 Nec
626 1093 733 1144 tamen
747 1091 880 1145 eatenus
901 1082 1084 1168 superbiam
1106 1083 1196 1156 vitet,
1212 1093 1249 1144 ut

296 1181 415 1247 incidat
429 1181 463 1245 in
477 1196 711 1268 contemptum:
734 1182 811 1266 quia
826 1182 907 1248 sicut
923 1185 1029 1264 elatio,
1040 1184 1086 1248 ita
1099 1195 1132 1246 et
1147 1182 1252 1267 abjec-

294 1283 342 1349 tio
354 1283 544 1348 declinauda
556 1296 614 1348 est.
659 1282 757 1347 Unde
770 1296 802 1348 et
818 1287 850 1348 in
867 1285 943 1369 jure
959 1286 1106 1350 Romano
1119 1298 1249 1350 cautum

295 1397 356 1462 est,
371 1398 409 1449 ut
420 1368 486 1469 ⁴qui
504 1386 561 1470 jus
575 1383 693 1463 reddit,
707 1407 741 1447 se
761 1383 892 1469 quidem
909 1386 943 1448 in
965 1385 1114 1450 adeundo
1128 1384 1250 1450 facilem

292 1485 447 1571 praebeat,
471 1485 631 1550 contemni
660 1499 765 1550 tamen
795 1508 859 1549 uon
885 1487 1037 1572 patiatur.
1082 1485 1246 1552 Mandatis

294 1608 425 1672 quoque
437 1584 599 1671 adjicitur,
613 1607 653 1649 ne
668 1583 825 1650 Praesides
838 1586 1073 1670 provinciarum
1089 1586 1122 1650 in
1141 1586 1249 1652 ulteri-

293 1709 380 1752 orem
402 1687 649 1752 familiaritatem
671 1687 882 1773 provinciales
903 1687 1085 1770 admittant,
1100 1713 1138 1754 eo
1160 1688 1248 1776 quod

294 1811 335 1854 ex
350 1790 587 1855 conversatione
605 1789 720 1876 aequali
734 1791 930 1876 contemptio
951 1787 1123 1856 nascitus*
1147 1793 1248 1856 Vene-

293 1902 383 1957 retur
404 1915 481 1979 ergo
494 1892 527 1956 iu
550 1892 679 1978 publico
693 1893 806 1978 populi
827 1895 1036 1980 majestatem,
1052 1907 1085 1960 et
1106 1894 1191 1981 apud
1216 1917 1249 1958 se
1265 1907 1310 1976 Q,
1324 1915 1473 1972 lipia-2,

296 1996 431 2082 privatae
455 1993 644 2059 conditionis
669 2007 790 2060 statum
816 1996 939 2081 pariter
965 1995 1128 2062 metietur.
1175 2000 1248 2062 Hoc

293 2099 399 2182 ipsum
414 2094 556 2181 antiquis
569 2095 835 2181 Philosophorum
851 2095 1052 2161 documentis
1066 2096 1246 2160 faciendum

292 2220 436 2284 agnosce.
475 2195 525 2260 Ad
541 2195 771 2282 Philosophum
789 2197 950 2274 Taurum,
966 2197 1108 2269 Athenas
1125 2195 1244 2262 visendi
1266 2192 1434 2276 (ΗΜ,
1448 2201 1484 2242 ¹⁴2·

292 2296 568 2381 cognoscendique
591 2297 662 2381 ejus
683 2295 797 2380 gratis,
820 2309 977 2360 venerunt
999 2297 1118 2382 pariter
1140 2299 1248 2363 Cretae

293 2397 467 2484 provinciae
478 2418 605 2482 proeses,
617 2407 649 2459 et
664 2407 755 2480 pater
770 2395 850 2482 ejus,
863 2395 916 2458 sed
930 2396 1084 2480 privatus.
1117 2397 1246 2462 Taurus

293 2497 494 2562 venientibus
502 2495 627 2580 placide
635 2495 819 2574 assurrexit,
829 2495 1010 2582 reseditque
1019 2509 1091 2582 post.
1101 2509 1246 2563 mutuam

292 2597 528 2662 salutationem.
579 2594 690 2660 Allata
717 2608 765 2658 est
794 2617 869 2658 mox
900 2618 964 2659 una
994 2595 1081 2676 sella,
1111 2621 1184 2682 quae
1214 2599 1246 2662 in

291 2711 444 2785 promptu
459 2708 540 2773 erat,
555 2706 587 2759 et
602 2695 681 2759 dum
695 2694 767 2758 aliae
777 2693 1012 2780 'promebantur
1025 2697 1172 2782 apposita
1186 2711 1255 2762 est,

293 2798 447 2864 Invitavit
471 2819 548 2881 ergo
575 2798 706 2860 Taurus
727 2807 851 2882 patrem
878 2795 1022 2882 presidis
1049 2811 1085 2862 ut
1112 2801 1244 2864 sederet.

291 2903 340 2966 At
354 2898 419 2975 ille,
437 2897 552 2962 Sedeat
571 2895 624 2960 bic
642 2895 751 2982 potius
767 2899 826 2982 qui
839 2895 952 2982 populi
972 2899 1110 2962 Romani
1131 2901 1246 2985 magis-

290 3014 396 3066 tratus
423 3015 481 3066 est.
526 3000 660 3085 Absque
688 2997 887 3085 praejudicio,
914 2997 1020 3084 inquit
1046 2997 1184 3081 Taurus,
1207 3017 1243 3066 tu

289 3104 412 3169 interea
425 3101 510 3182 sede,
518 3101 596 3166 dum
611 3099 823 3186 conspicimus
831 3100 1071 3188 quaerimusque
1081 3102 1161 3188 quid
1171 3125 1245 3166 con-

290 3207 406 3286 veniat,
420 3215 491 3270 tene
505 3203 614 3290 potins
627 3201 737 3268 sedere
751 3202 807 3288 qui
822 3215 914 3288 pater
929 3225 981 3276 es,
1013 3225 1053 3266 an
1068 3203 1170 3268 filium
1186 3206 1244 3290 qui

287 3308 371 3394 gerit
386 3305 522 3372 Romam
533 3304 646 3392 populi
660 3302 906 3390 magistratum?
930 3304 1037 3380 Quum
1053 3315 1144 3388 pater
1159 3326 1242 3368 asse-

287 3409 398 3486 disset,
421 3406 667 3494 appositumque
692 3416 773 3470 esset
798 3403 887 3469 aliud
917 3403 995 3484 filio,
1021 3426 1117 3491 super
1145 3428 1182 3468 ea
1208 3429 1242 3471 re

289 3514 421 3577 Taurus
448 3510 509 3590 hie,
538 3509 595 3596 qui
630 3519 853 3586 convenerant,
883 3506 1016 3570 verbum
1051 3506 1138 3583 fecit,
1168 3529 1241 3572 curn

288 3635 413 3680 summa
425 3612 513 3693 boni,
527 3613 625 3697 aequi,
637 3609 794 3674 bonorum
805 3621 904 3695 atque
918 3607 1092 3672 officiorum
1109 3631 1243 3696 perpen-

288 3713 419 3780 satione.
463 3714 585 3776 Ecrum
609 3710 780 3776 verborum
804 3707 960 3772 sententia
985 3708 1054 3772 hoec
1077 3708 1143 3772 fere
1167 3711 1241 3776 fuit.

288 3820 326 3882 ln
341 3812 480 3903 publicis
500 3812 589 3892 locis,
602 3825 699 3898 atque
719 3809 905 3874 muneribus
928 3821 1055 3894 patrum
1074 3811 1152 3896 jura
1166 3833 1240 3876 cum

287 3918 425 3983 liliorum
434 3916 493 4004 qui
502 3919 535 3982 io
544 3913 800 3999 magistratuaut
810 3910 1024 3996 potestatibus
1033 3925 1107 3976 sunt
1117 3911 1242 3991 collata,

283 4021 527 4106 interquiescere
541 4031 574 4082 et
589 4016 721 4104 paulum
736 4016 913 4078 connivere.
953 4012 1015 4078 Sed
1031 4036 1131 4100 quum
1146 4027 1239 4080 extra

287 4121 514 4207 rempublicam
544 4120 576 4184 in
606 4117 824 4194 domesticare,
852 4128 951 4202 atque
985 4115 1051 4182 vita
1080 4117 1239 4196 sedeatur,

284 4223 477 4300 ambuletur,
491 4225 526 4286 in
541 4222 686 4287 convivio
699 4241 830 4307 quoque
845 4218 1063 4286 discumbatur
1078 4219 1238 4300 familiari,
1376 4209 1379 4216 Δ

284 4339 361 4394 tunc
382 4325 466 4389 inter
487 4323 587 4389 lilium
608 4326 842 4408 magistratum,
865 4333 897 4386 et
919 4333 1040 4407 patrem
1063 4321 1238 4406 privatum,

736 4431 793 4488 112
