3425 5367
460 714 500 779 ‹18
715 726 850 777 Joauur's
867 728 1148 777 sanssnsnmusrs
1289 716 1373 793 [tm.
1390 730 1413 776 ι.

460 894 614 948 versatur.
660 880 812 967 Cujusvis
834 904 871 945 ea
891 905 958 945 esse
981 881 1118 962 videtur,
1134 890 1171 946 ut
1190 881 1230 945 ed
1255 884 1412 967 interpre-

456 984 607 1049 tationem
625 982 700 1059 veri,
717 995 860 1047 mortuos
875 982 978 1048 valeat
993 986 1155 1047 suscitare.
1200 985 1252 1047 Ea
1271 1004 1409 1067 namque

456 1083 689 1148 ludificantium
715 1082 908 1163 daemonum,
930 1097 962 1147 et
988 1084 1138 1148 humanae
1164 1081 1309 1168 perfidiae
1334 1080 1409 1145 illu-

455 1183 599 1249 dentium
615 1183 740 1249 fallacia
754 1196 811 1248 est.
859 1183 969 1269 Pythii
992 1196 1067 1248 sunt
1089 1206 1170 1268 quos
1191 1183 1325 1269 spiritus
1345 1186 1408 1268 Pp

456 1286 604 1351 tbonicus
616 1285 728 1371 replet,
739 1298 770 1349 et
779 1285 979 1371 frequentius
988 1285 1022 1348 in
1039 1284 1217 1368 virginibus
1228 1297 1410 1362 exercetur,

459 1399 495 1452 ut
505 1386 772 1471 magisludificet3
798 1408 834 1449 ac
845 1385 871 1449 si
882 1385 1137 1450 immundissimo
1148 1384 1275 1470 spiritui
1286 1388 1409 1470 placeat

455 1484 622 1571 integritas
638 1490 751 1552 mentis
765 1498 820 1550 aut
837 1486 986 1571 corporis.
1033 1485 1188 1551 Vultivoli
1204 1498 1279 1550 sunt
1294 1484 1351 1571 qui
1366 1484 1409 1548 ad

455 1589 589 1655 affectus
611 1588 774 1653 bominum
799 1588 1023 1669 immutandos,
1046 1587 1077 1651 in
1104 1585 1241 1651 molliori
1263 1585 1406 1660 materia,

455 1700 528 1752 cera
541 1689 623 1753 forte
646 1688 695 1751 vel
717 1687 804 1765 limo,
820 1710 928 1753 eorum
951 1709 1034 1773 quos
1056 1702 1238 1773 pervertere
1258 1686 1407 1751 nituntur

456 1789 576 1876 effigies
590 1790 787 1875 exprimunt,
802 1790 895 1875 cujus
917 1788 1072 1853 illusionis
1093 1787 1126 1851 in
1147 1786 1409 1853 Pharmaceut'ria

459 1891 614 1975 Virgilius
629 1890 783 1971 meminit,

561 2006 652 2057 Limus
663 2015 692 2058 ut
702 2006 745 2057 hic
756 2006 878 2070 durescit,
889 2011 917 2058 et
926 2006 982 2059 boec'
993 2011 1024 2059 ut
1034 2024 1094 2060 cera
1104 2006 1233 2075 liquescit,

561 2089 621 2140 Uno
633 2089 774 2157 eodemque
785 2090 850 2157 igni,
863 2090 899 2141 sic
910 2095 998 2142 nostro
1011 2090 1132 2162 Daphnis
1148 2107 1243 2143 amore.

366 2218 368 2227 ‚
457 2194 544 2255 Naso
559 2213 689 2277 quoque
703 2190 735 2254 in
750 2191 833 2256 libro
849 2192 1042 2267 Heroidum‚

564 2308 684 2361 Devovet
695 2308 827 2373 absentes,
840 2308 1047 2378 simulacbrsque
1059 2327 1134 2362 cerea
1144 2308 1232 2377 fingit,

595 2395 631 2445 Et
641 2394 764 2447 miserum
775 2400 868 2447 tenues
879 2394 989 2465 injectu
999 2400 1077 2462 urget
1088 2410 1159 2447 acus.

459 2500 586 2561 Horum
603 2518 677 2562 vero
692 2498 825 2577 malitia,
841 2500 938 2563 etiam
958 2522 1060 2585 quum
1084 2499 1259 2585 plurimum
1282 2510 1406 2572 nocent,

455 2598 589 2664 artificio
604 2598 667 2664 leri
686 2598 884 2679 dissolvitur,
900 2600 926 2664 si
941 2600 1088 2665 videlicet
1104 2600 1160 2685 qui
1180 2599 1316 2687 suspecti
1331 2612 1406 2663 sunt

456 2702 602 2767 conventi
625 2702 665 2766 ab
687 2702 796 2789 aliquo
818 2703 936 2769 crimen
958 2726 1049 2769 suum
1073 2703 1273 2767 inficientur:
1297 2700 1405 2765 autsi

456 2804 591 2870 confessi
605 2805 736 2882 fuerint,
752 2819 908 2891 cogantur
923 2806 1112 2871 maleficium
1128 2827 1284 2869 revocare.
1322 2803 1407 2865 Ima-

455 2905 569 2991 ginarii
591 2920 678 2983 sunt,
693 2907 749 2991 qui
763 2908 919 2992 imagines
934 2931 1013 2992 quas
1031 2908 1165 2983 faciunt,
1180 2906 1272 2993 quasi
1287 2904 1319 2967 in
1335 2926 1406 2990 pos-

452 3006 620 3069 sessionem
637 3004 879 3088 praesidentium
895 3004 1068 3087 spirituum
1084 3004 1230 3080 mittunt,
1247 3015 1282 3067 ut
1303 3002 1344 3065 ab
1359 3002 1404 3063 eis

451 3105 491 3167 de
506 3104 602 3167 rebus
616 3102 725 3167 dubiis
740 3102 928 3167 doceantur.
962 3107 1033 3167 Hos
1043 3103 1228 3166 idololatras
1239 3126 1305 3167 esse
1317 3124 1405 3167 sacra

452 3205 610 3291 scriptura
629 3202 799 3280 convincit,
815 3216 847 3268 et
863 3203 980 3267 divinae
996 3202 1170 3288 majestatis
1187 3198 1312 3285 judicio
1331 3225 1407 3290 con·

451 3306 624 3373 damnatos.
671 3306 874 3392 Conjectores
903 3317 976 3370 sunt
1006 3304 1062 3391 qui
1088 3300 1224 3366 artificio
1252 3300 1405 3387 quodam,

452 3408 513 3474 sibi
533 3408 700 3473 vendicant
723 3407 915 3472 somniorum
939 3402 1243 3491 interpretationem.
1289 3402 1405 3466 Chiro»

454 3510 584 3575 mantici
607 3523 693 3585 sunt,
709 3508 765 3593 qui
786 3532 806 3571 a
825 3531 977 3572 manuum
993 3503 1200 3592 inspectione,
1221 3524 1329 3567 rerum
1352 3523 1406 3563 va*-

455 3610 627 3673 ticinantur
655 3608 850 3672 abscondita.
906 3606 1105 3694 Specularios
1134 3616 1258 3684 vocant,
1287 3600 1344 3683 qui
1373 3600 1407 3663 in

454 3708 641 3793 corporibus
663 3707 808 3791 levigatis
830 3720 863 3772 et
889 3707 993 3789 tersis,
1017 3720 1055 3772 ut
1082 3719 1155 3770 sunt
1181 3703 1282 3769 lucidi
1306 3724 1407 3777 enses,

450 3809 567 3896 pelves,
590 3808 710 3893 cyathi,
734 3808 1002 3894 speculorumque
1029 3809 1155 3873 diversa
1179 3827 1297 3891 genera
1321 3802 1403 3867 divi·

451 3923 573 3987 nantes,
599 3909 731 3973 curiosis
754 3909 1044 3975 consultationibus
1070 3908 1280 3984 satisfaciunt,
1305 3925 1402 3989 quem

449 4024 481 4077 et
497 4013 520 4074 J
521 4010 620 4097 oseph
634 4013 820 4086 exercuisse,
832 4024 887 4075 aut
899 4011 1006 4096 potius
1021 4012 1187 4077 simulasse
1202 4006 1405 4084 describitur,
1449 4064 1453 4070 .

452 4133 552 4197 quum
575 4114 688 4175 fratres
710 4123 857 4195 argueret
880 4110 1069 4195 surripuisse
1092 4108 1261 4195 scyphum,
1284 4106 1316 4168 in
1339 4127 1406 4191 quo

450 4224 655 4275 consueverat
685 4209 845 4294 augurari.
892 4207 1114 4274 Mathematici
1140 4216 1224 4281 suut,
1249 4202 1321 4268 licet
1348 4226 1404 4291 ap·

449 4311 580 4399 pellatio
602 4312 790 4397 generaliter
812 4310 918 4375 omnia
939 4308 1181 4395 complectatur,
1203 4306 1259 4391 qui
1282 4329 1302 4369 a
1320 4308 1403 4392 posi·
