3425 5367
338 736 408 780 car.
423 718 487 793 uc]
675 731 930 779 mnrcnsncus.
1225 719 1289 777 299

337 886 444 951 monio
468 882 617 971 gaudeat.
665 882 726 947 Sed
751 882 830 946 dicis
852 882 953 947 forte:
994 881 1073 959 Quis
1098 894 1145 949 est
1171 882 1233 959 hic,
1255 894 1287 949 et

337 988 540 1055 laudabimus
554 990 653 1053 eum?
690 985 816 1071 Utique
835 1006 898 1049 non
921 1006 994 1049 eum
1016 984 1153 1049 arbitror
1172 1007 1285 1071 expec-

336 1090 470 1155 tandum
495 1088 610 1153 dandis
632 1087 783 1162 consiliis,
805 1086 862 1172 qui
888 1099 1053 1172 peccatum
1079 1110 1142 1151 non
1165 1088 1284 1167 fecerit,

336 1193 391 1257 sed
413 1214 510 1279 quem
533 1213 663 1277 peccare
684 1212 747 1253 non
769 1190 876 1275 juvat,
898 1187 954 1275 qui
980 1201 1144 1275 peecatum
1168 1190 1284 1269 oderit,

338 1298 458 1359 virtute
472 1293 624 1379 gaudeat,
639 1304 671 1356 et
686 1314 754 1356 eam
771 1312 888 1376 magno
903 1290 1060 1355 desiderio
1074 1291 1287 1378 concupiscat,

336 1396 494 1461 homiuem
510 1394 628 1459 scilicet
650 1394 743 1458 bonae
763 1392 946 1458 voluntatis.
992 1393 1055 1458 Sed
1071 1416 1128 1457 nec
1142 1393 1229 1459 istud
1245 1392 1286 1457 ad

336 1519 477 1582 unguem
492 1495 698 1559 resecandum
719 1508 777 1569 est,
794 1492 969 1577 benigniori
989 1492 1097 1579 potius
1116 1506 1153 1558 ut
1168 1494 1287 1559 dicitur

337 1598 494 1673 Minerva,
510 1598 567 1682 qui
589 1618 652 1661 nou
675 1596 872 1681 simpliciter,
888 1594 942 1657 sed
964 1594 1099 1658 aliorum
1121 1594 1287 1661 collatione

336 1704 486 1764 innocens
502 1698 658 1763 videatur.
703 1698 783 1774 Quis
805 1696 887 1761 enim
904 1696 1105 1781 gloriabitur,
1122 1720 1154 1761 se
1171 1720 1286 1784 usque·

334 1824 464 1888 quaque
478 1814 601 1867 castum
617 1801 733 1866 habere
749 1823 816 1876 cor,
827 1822 930 1885 quum
944 1812 976 1863 et
991 1812 1076 1863 astra
1088 1800 1208 1864 munda
1222 1822 1285 1866 non

337 1905 453 1968 sintin
477 1915 648 1989 conspectu
671 1901 767 1979 illius,
789 1900 848 1987 qui
874 1900 906 1963 i'u
930 1900 1050 1986 angelis
1076 1904 1143 1966 suis
1167 1903 1285 1988 reperit

335 2003 547 2089 pravitatem?
572 2002 680 2088 Iniqui
689 2026 764 2087 ergo
774 2000 901 2065 arcendi
913 2010 997 2078 sunt,
1007 2000 1136 2088 superbi
1145 2014 1177 2067 et
1185 2003 1284 2081 avari,

335 2118 368 2170 et
397 2107 500 2171 omnis
526 2104 712 2193 hujusmodi
741 2104 841 2189 pestis
867 2102 1040 2169 homiuum.
1087 2102 1177 2168 Nihil
1202 2105 1285 2170 enim

302 2248 306 2253 ·
334 2209 540 2293 perniciosius
557 2221 605 2274 est
626 2208 737 2294 iniquo
755 2207 865 2272 divitis
879 2207 1068 2273 consiliario.
1115 2208 1223 2287 Omni,
1238 2207 1284 2271 in-

333 2310 415 2395 quit,
430 2309 575 2375 custodia
597 2332 687 2373 serva
708 2332 762 2371 cor
785 2321 892 2386 tuum,
906 2308 1057 2393 quoniam
1077 2331 1119 2373 ex
1134 2308 1203 2393 ipso
1217 2310 1284 2375 vita

334 2412 490 2494 procedit.
552 2412 613 2473 Est
646 2411 757 2494 itaque
786 2408 1022 2494 providendum
1053 2412 1214 2493 potestati,
1244 2435 1284 2477 ue

334 2510 504 2575 consiliarii
532 2512 602 2595 ejus
635 2509 811 2593 indigeant,
839 2531 879 2572 ne
908 2508 1010 2573 aliena
1042 2510 1283 2577 immoderatius

334 2611 567 2696 concupiscant.
611 2612 704 2689 Quod
719 2611 812 2677 etiam
829 2611 871 2675 ad
886 2634 939 2675 eos
954 2633 1054 2696 usque
1069 2612 1283 2697 protenditur,

336 2712 436 2798 quiin
450 2736 582 2799 corpore
598 2712 793 2799 reipublicae,
805 2713 994 2777 interiorum
1010 2712 1154 2779 obtinent
1170 2712 1282 2793 vicem,

335 2836 415 2900 quos
435 2828 610 2900 quaestores
632 2827 664 2879 et
687 2814 994 2891 commentarienses,
1010 2826 1042 2879 et
1057 2836 1164 2878 rerum
1179 2816 1285 2901 priva-

334 2927 441 2979 tarum
457 2916 587 2983 comites
601 2939 668 2982 esse
679 2915 898 3003 praediximus.
936 2917 1018 2979 Haec
1029 2914 1111 2979 enim
1123 2916 1229 2983 omnia
1239 2918 1282 2983 ad

335 3019 513 3081 satietatem
536 3018 706 3083 reficienda
725 3032 812 3097 suut,
828 3032 861 3085 et
878 3018 958 3083 hanc
977 3040 1017 3084 ex
1039 3018 1235 3096 necessitate,
1251 3032 1283 3085 et

334 3142 408 3197 usu,
423 3120 534 3187 habita
549 3121 669 3185 ratione
690 3144 908 3208 personarum,
923 3133 1050 3207 oportet
1069 3119 1281 3206 interpretari.

333 3221 472 3288 sienim
498 3221 680 3287 reficiantur
704 3223 840 3301 avidius,
863 3237 895 3289 et
921 3223 1026 3287 minus
1051 3220 1206 3307 digerant,
1229 3245 1282 3307 ge-

333 3338 445 3389 nerant
460 3325 598 3405 morbos,
612 3338 668 3389 aut
683 3324 883 3401 incurabiles,
899 3338 955 3389 aut
971 3323 1122 3389 difficiles.
1162 3322 1283 3409 lmpos-

332 3426 423 3490 sibile
439 3426 596 3513 siquidem
612 3439 670 3501 est,
687 3449 879 3513 quemquam
890 3426 1049 3513 justitiam
1065 3437 1097 3489 et
1112 3423 1278 3510 pecuniam

332 3529 432 3614 sequi.
477 3531 548 3594 Aut
563 3529 646 3593 enim
662 3533 717 3594 uni
738 3530 871 3593 istorum
893 3528 1030 3615 quilibet
1045 3526 1233 3604 adhaerebit‚
1249 3539 1281 3593 et

332 3627 468 3693 alterum
490 3644 681 3710 contemnet,
702 3644 758 3695 aut
781 3631 986 3717 torquebitur
1010 3629 1121 3711 altero,
1143 3628 1281 3693 melioris

332 3751 454 3815 expers.
500 3734 611 3795 Avaro
635 3754 785 3817 namque,
812 3744 892 3797 teste
917 3731 1083 3817 sapientia,
1110 3729 1190 3794 nihil
1215 3753 1280 3795 sce-

331 3831 454 3907 lestius,
469 3845 501 3896 et
515 3833 596 3897 nihil
609 3834 753 3920 iniquius
767 3857 864 3919 quam
880 3856 986 3896 amare
1001 3832 1178 3917 pecuniam.
1216 3832 1281 3895 Hic

332 3932 415 3997 enim
439 3933 575 3997 animam
601 3956 689 3999 suam
717 3934 857 3998 venalem
885 3933 992 4009 habet,
1019 3944 1051 3996 et
1076 3932 1109 3995 in
1136 3930 1202 3994 vita
1225 3952 1283 3995 sua

331 4035 464 4119 projecit
490 4035 603 4101 intima
630 4058 696 4099 sua.
742 4039 788 4100 Et
812 4035 895 4098 forte
917 4034 990 4098 ideo
1012 4044 1114 4098 crates
1135 4032 1283 4117 pectoris,

332 4145 556 4223 costarumque
570 4136 774 4216 soliditatem,
785 4150 817 4201 et
832 4147 983 4203 extremar
1000 4137 1083 4201 cutis
1098 4136 1283 4216 claustrum,

333 4247 450 4299 natura
471 4236 714 4321 diligentissima
727 4260 851 4322 parens,
868 4239 1098 4325 circumposuit
1114 4238 1282 4315 intestinis,

333 4337 397 4402 duo
423 4337 576 4403 adversus
601 4362 727 4404 omnem
753 4340 942 4405 exteriorem
965 4340 1147 4407 violentiam
1172 4340 1282 4405 fierent
