3425 5367
331 696 400 741 css.
418 680 484 759 ιιι]
674 696 926 743 ronrcssrrcus.
1221 684 1284 743 265

332 848 593 930 strategematicis
607 850 687 935 ejus,
707 849 912 933 attingamus.
959 849 1059 913 Porro
1081 846 1108 911 ei
1124 846 1251 913 initium
1265 872 1285 912 a

329 951 505 1015 reverentia
519 952 686 1015 numinum
701 962 760 1028 est,
774 950 864 1015 nobis
879 972 898 1013 a
915 954 996 1027 Deo,
1012 952 1069 1038 qui
1084 950 1126 1015 ab
1137 950 1285 1016 omnibus

329 1051 518 1135 generaliter
539 1052 693 1119 amandus
714 1066 773 1133 est,
794 1066 826 1117 et
848 1052 1001 1117 colendus
1023 1076 1062 1117 ex
1091 1064 1160 1117 toto
1180 1051 1285 1132 corde,

330 1175 370 1217 ex
396 1166 465 1219 tota
487 1158 602 1232 anima,
629 1177 669 1219 ex
691 1156 841 1220 omnibus
865 1154 987 1221 viribus
1014 1154 1088 1221 suis.
1133 1154 1285 1219 Probatio

329 1276 405 1318 vero
419 1253 608 1332 dilectionis,
623 1255 779 1319 exhibitio
801 1254 905 1341 operis
920 1269 978 1319 est.
1023 1256 1069 1319 Et
1084 1254 1158 1319 licet
1179 1276 1238 1342 per
1253 1278 1286 1321 se

328 1355 435 1440 ipsum
452 1359 551 1442 possit
566 1356 676 1436 amari,
691 1366 844 1440 tanquam
860 1354 918 1441 qui
938 1354 1018 1419 citra
1032 1374 1124 1440 opem
1141 1356 1238 1421 medii
1253 1378 1286 1421 se

330 1455 481 1520 infundat
495 1456 625 1533 amanti,
635 1470 740 1521 tamen
756 1456 796 1519 ad
813 1456 935 1521 cultum
947 1456 1136 1521 exteriorem
1151 1456 1286 1543 alicujus

330 1555 511 1621 medietatis
525 1557 723 1621 interventus
737 1556 932 1620 necessarius
947 1570 1007 1636 est,
1022 1555 1161 1640 eoquod
1178 1560 1286 1621 Deum

329 1678 423 1721 nemo
436 1656 552 1722 viderit
563 1678 715 1743 unquam.
762 1656 900 1721 Videndi
912 1678 986 1721 vero
996 1678 1109 1721 nomen
1122 1654 1162 1719 ad
1175 1656 1282 1743 appel-

330 1758 478 1824 lationem
493 1760 634 1824 omnium
645 1781 793 1823 sensuum
805 1758 975 1844 utriusque
989 1770 1114 1824 naturae
1123 1754 1283 1837 dilatabis,

332 1861 408 1947 quia
422 1860 664 1947 praesentialiter
682 1874 714 1926 et
730 1884 809 1947 pure
830 1882 894 1925 non
911 1862 1024 1927 sentiet
1039 1884 1111 1925 eum
1131 1864 1237 1938 homo,
1252 1872 1284 1927 et

330 1965 428 2040 vivet,
442 1962 502 2026 nisi
517 1962 600 2026 l'orte
615 1985 653 2026 ea
667 1984 815 2029 sensuum
827 1974 930 2049 parte,
945 1986 1020 2048 quae
1031 1963 1171 2049 corporis
1185 1964 1284 2029 nescit

330 2064 504 2149 angustias,
516 2087 574 2129 uec
584 2064 745 2131 defectum
757 2064 909 2153 temporie
925 2065 1033 2142 sentit,
1043 2065 1098 2130 sed
1115 2065 1283 2132 vivacitate

331 2167 390 2244 sui,
419 2188 459 2230 ex
488 2166 593 2252 gratia
624 2180 790 2253 permanet
819 2168 851 2231 in
883 2180 1048 2235 aeternum.
1110 2168 1283 2235 Caritatem

329 2267 455 2354 loquor,
477 2288 552 2351 quae
575 2288 638 2329 non
659 2279 846 2346 evacuatur,
861 2267 917 2332 sed
939 2265 1077 2353 proficit,
1102 2280 1221 2354 quanto
1242 2267 1284 2333 ad

330 2390 415 2447 eum,
429 2386 525 2453 quem
540 2366 711 2448 desiderat,
725 2366 913 2432 familiarius
928 2367 1060 2433 accedit.
1106 2368 1189 2431 Nam
1204 2368 1284 2433 fides

331 2467 436 2532 velum
459 2467 568 2544 babet,
590 2480 622 2531 et
645 2490 717 2554 spes
738 2467 779 2532 de
801 2469 914 2553 gratiae
936 2470 1103 2554 meritique
1131 2468 1283 2545 fomento,

331 2567 552 2634 conscientiam
567 2567 779 2650 demulcente,
794 2568 860 2634 voti
877 2570 927 2635 sui
949 2568 1092 2635 laetitiam
1116 2568 1149 2633 in
1174 2569 1284 2637 futura

330 2669 502 2758 protendit.
549 2669 646 2735 Fides
667 2672 782 2757 itaque
810 2684 842 2737 et
873 2694 944 2759 spes
965 2671 1132 2737 imitantur
1153 2671 1284 2759 quidem

330 2794 468 2853 sensum,
482 2772 661 2836 subsistunt
676 2785 782 2836 tamen
797 2773 888 2849 citra,
904 2784 1035 2859 agentes
1049 2773 1177 2839 interim
1192 2774 1285 2860 quasi

330 2896 388 2961 per
402 2872 580 2960 speculum,
597 2886 635 2938 ‘et
649 2873 682 2937 in
703 2875 884 2957 aenigmate,
902 2873 1004 2939 donec
1023 2896 1131 2941 earum
1154 2874 1284 2961 species,

330 2977 500 3039 immutata
534 2974 678 3039 veritatis
709 2974 898 3053 substantia,
934 2974 1075 3061 plenarie
1112 2974 1283 3042 illucescat.

331 3079 394 3156 Qui
409 3098 485 3141 vero
498 3076 588 3142 nullo
598 3089 704 3164 potest
719 3100 811 3142 sensu
827 3078 994 3166 perspicue
1005 3078 1116 3161 videri,
1127 3079 1220 3145 facile
1231 3102 1284 3144 ne-

330 3180 402 3268 quit
417 3178 556 3265 agnosci.
600 3176 696 3254 Quod
712 3192 894 3245 autemnon
909 3180 1100 3266 agnoscitur,
1113 3180 1284 3267 diligenter

329 3281 389 3347 ooli
403 3302 467 3345 nou
484 3292 598 3368 potest,
621 3279 682 3344 nisi
696 3302 755 3365 per
776 3280 927 3348 medium.
944 3346 948 3355 ,
973 3281 1071 3346 Unde
1091 3296 1124 3347 et
1139 3286 1282 3348 Numam

331 3382 526 3470 Pompilium
556 3382 748 3448 ceremonias
776 3383 931 3469 quasdam
966 3383 1102 3471 legimus
1132 3383 1283 3450 indixisse

330 3485 483 3552 Romanis
504 3496 537 3549 et
559 3483 722 3560 sacrificia,
745 3498 782 3549 ut
805 3484 866 3551 aub
887 3484 1115 3551 immortalium
1137 3488 1280 3551 Deorum

330 3600 503 3673 praetextu,
516 3589 558 3653 ad
574 3586 738 3652 colendam
755 3587 917 3674 pietatem,
933 3586 1117 3672 religionem
1127 3600 1159 3655 et
1174 3587 1282 3667 fidem,

329 3702 363 3755 et
377 3704 503 3765 catera,
518 3710 593 3775 quas
607 3688 653 3754 eis
675 3688 821 3755 iutimare
836 3690 974 3769 volebat,
995 3693 1081 3777 ipsos
1094 3688 1221 3757 facilius
1236 3688 1283 3755 iu·

330 3792 456 3857 vitaret.
493 3792 668 3857 Testantur
677 3793 738 3857 hoc
752 3790 867 3858 ancilia
881 3804 980 3879 atque
995 3790 1187 3871 Palladium,
1196 3812 1284 3856 sacra

330 3893 481 3980 quaedam
494 3892 621 3979 imperii
637 3895 782 3979 pignora,
796 3894 901 3957 Janus
916 3892 1049 3974 bifrons,
1060 3891 1135 3957 belli
1149 3909 1181 3957 et
1197 3892 1283 3979 pacis

330 3994 461 4072 arbiter,
483 3994 575 4059 l'ocus
595 3998 703 4059 Vestae
724 3993 904 4079 virginibus
925 4008 1134 4073 consecratus,
1160 4004 1229 4081 quo
1250 3994 1284 4061 iu

331 4094 449 4158 bonore
478 4093 655 4159 coelestium
681 4094 822 4160 siderum
844 4096 982 4173 flamma,
1013 4108 1120 4163 custos
1148 4094 1284 4183 imperii,

327 4194 451 4280 jugiter
471 4194 626 4281 vigilaret.
671 4195 735 4263 Sed
750 4209 782 4261 et
806 4218 909 4261 annus
928 4197 960 4261 in
977 4218 1097 4263 menses
1116 4195 1283 4263 duodecim

330 4294 494 4372 dilatatus,
524 4296 681 4363 laetorum
704 4310 736 4364 et
758 4298 954 4365 nefastorum
985 4298 1109 4364 dierum
1135 4297 1283 4363 varietate
