3425 5367
324 730 396 778 cru.
414 715 492 795 xm]
672 729 924 776 rosrcssrrcus.
1222 718 1283 780 199

325 884 388 948 hoc
405 885 521 948 etenim
538 884 707 968 quaesitum
722 893 780 947 est.
825 883 892 947 Sed
912 883 1042 947 tandem
1057 884 1191 968 placuit,
1208 905 1280 950 eam

325 985 387 1048 nisi
410 986 442 1048 in
465 986 558 1050 bonis
581 1006 739 1050 essenon
762 1005 868 1068 posse.
913 985 1035 1066 Magna
1057 985 1168 1069 utique
1196 986 1280 1050 inter

324 1088 435 1150 molles
449 1097 481 1150 et
495 1089 597 1151 malos
619 1085 814 1163 concordia3
837 1087 895 1150 sed
910 1107 949 1150 ea
971 1095 1096 1150 tantum
1115 1109 1134 1152 a
1149 1088 1279 1152 caritate

323 1187 471 1266 discedit,
493 1200 649 1273 quantum
670 1190 729 1252 lux
760 1187 857 1251 distat
886 1210 905 1252 a
934 1187 1085 1252 tenebris.
1129 1189 1175 1252 Et
1204 1189 1279 1254 licet

322 1289 480 1354 interdum
502 1291 588 1368 muli,
620 1290 705 1352 sicut
733 1288 869 1366 othoni,
891 1287 977 1352 idem
1007 1290 1100 1368 velle,
1130 1299 1163 1354 ct
1192 1289 1278 1352 idem

321 1391 406 1454 nolle
416 1391 553 1474 possint,
563 1391 712 1454 amicitiae
722 1402 829 1454 tamen
839 1390 965 1454 titulum
976 1412 1043 1454 non
1054 1401 1279 1474 assequuntur.

323 1491 420 1555 Unde
435 1501 469 1556 et
484 1491 608 1573 Crispo,
623 1491 845 1556 historicorum
854 1491 938 1554 iuter
952 1492 1085 1554 Latinos
1099 1491 1277 1574 potissimo,

322 1591 380 1654 sed
399 1601 431 1654 et
445 1591 510 1675 ipsi
525 1592 676 1654 Ciceroni
699 1592 829 1674 placuit,
848 1591 884 1654 in
903 1593 993 1655 malis
1010 1591 1180 1655 factionem
1196 1613 1277 1671 esse,

312 1693 411 1776 xquod
425 1693 458 1754 in
481 1693 557 1756 viris
577 1693 674 1756 bonis
689 1714 761 1756 rere
783 1691 924 1755 amicitia
946 1703 1003 1755 est.
1049 1692 1114 1756 Sed
1130 1693 1276 1776 quamvis

320 1796 463 1872 vitiosus,
477 1795 693 1879 praepediente
708 1794 839 1872 malitia,
860 1794 982 1857 amicus
998 1815 1067 1857 esse
1085 1815 1148 1856 non
1164 1794 1276 1878 possit,

322 1897 381 1960 etsi
403 1919 468 1960 non
490 1897 693 1976 venerabilis,
715 1898 873 1960 verendus
895 1905 1002 1960 tamen
1026 1895 1095 1974 erit,
1118 1896 1174 1979 qui
1197 1917 1274 1960 con·

320 1998 454 2063 scientia
469 2011 671 2074 secretorum,
680 1998 811 2062 conscio
826 2009 977 2062 terrorem
992 2007 1100 2080 potest
1115 1998 1272 2062 incutere.

321 2101 442 2164 Scitum
458 2113 506 2165 est
520 2100 601 2164 illud
615 2101 738 2179 Ethici‚
754 2100 829 2184 quia

422 2240 469 2294 Nil
482 2240 530 2293 tibi
542 2257 570 2292 ss
582 2240 677 2292 debere
688 2244 771 2311 putat,
783 2237 821 2291 nil
830 2237 944 2292 conseret
956 2255 1079 2309 unquam,

423 2327 584 2397 Perticipem
595 2326 639 2394 qui
651 2331 677 2377 te
689 2325 783 2378 secreti
794 2322 856 2376 fecit
865 2323 979 2377 honesti.

318 2451 392 2514 Hoc
416 2470 544 2532 quoque
560 2445 768 2530 jampridem
788 2446 930 2509 venitin
952 2445 1097 2516 dubium,
1114 2465 1154 2507 an
1171 2465 1270 2527 quen-

318 2573 413 2636 quam
436 2550 571 2612 diritum
592 2557 624 2610 et
643 2556 821 2632 potentum,
841 2568 946 2610 amere
968 2547 1140 2626 contingat.
1185 2545 1270 2607 Tan-

318 2652 456 2733 demque
478 2661 642 2732 receptum
665 2658 721 2726 est,
744 2646 874 2711 eosdem
897 2668 1064 2730 uunquam
1087 2666 1204 2720 amare,
1219 2645 1270 2707 rel

316 2773 397 2830 raro,
419 2763 452 2815 et
472 2751 506 2814 in
528 2751 575 2813 eis
590 2749 753 2833 precipue
769 2748 886 2823 causis,
908 2749 945 2810 in
960 2749 1077 2832 quibus
1095 2768 1129 2810 se
1151 2747 1269 2830 potius,

317 2875 413 2938 quem
428 2853 509 2916 alios
528 2871 633 2915 emere
654 2849 828 2914 rideantur.
874 2848 1043 2914 Contraria
1062 2847 1220 2932 siquidem
1236 2847 1270 2910 in

315 2955 428 3020 eodem
444 2976 513 3019 esse
533 2975 600 3017 non
620 2962 765 3036 possunt
809 2954 855 3016 Et
875 2973 940 3038 quo
961 2951 1076 3015 divites
1097 2950 1269 3036 plurimum

316 3055 512 3142 cupiditatis,
541 3077 580 3119 eo
616 3055 737 3118 habent
764 3055 930 3118 minimum
968 3052 1118 3117 caritatis.
1183 3052 1268 3115 Haec

314 3159 431 3223 etenim
460 3157 596 3222 invicem
622 3156 762 3220 maxime
784 3156 1001 3222 adversentur.
1045 3155 1144 3219 Porro
1166 3163 1202 3218 ut
1223 3153 1268 3217 ait

315 3260 467 3345 quidam:
492 3259 605 3324 Omnis
626 3258 718 3322 dives
739 3258 871 3341 iniquus
894 3269 950 3320 aut
970 3257 1073 3341 iniqui
1087 3256 1180 3320 heres
1198 3265 1267 3331 sst3

313 3373 345 3426 et
365 3361 558 3425 rarissimum
580 3370 639 3438 est,
659 3371 695 3421 ut
714 3357 834 3421 divitiae
855 3357 998 3432 affluant,
1017 3355 1080 3418 nisi
1100 3355 1215 3418 amoris
1235 3363 1268 3418 et

315 3463 500 3548 cupiditatis
536 3462 661 3544 glutino
703 3460 889 3525 solidentur.
959 3458 1027 3522 Eas
1056 3456 1267 3522 desiderantis

312 3565 410 3629 animi
425 3562 587 3646 vigilantia
601 3573 634 3626 et
646 3560 738 3626 labor
751 3560 909 3644 acquirit3
932 3557 990 3622 sed
1012 3558 1126 3639 aegrior
1146 3557 1264 3622 sollici·

313 3665 391 3730 tudo
406 3665 521 3729 retinet
535 3673 570 3727 et
584 3675 762 3729 conservat.
806 3660 920 3746 Inquit
934 3659 1092 3724 Ethicus:

416 3792 480 3845 Non
490 3793 574 3844 minor
584 3798 626 3845 est
637 3791 727 3856 virtus,
738 3808 817 3860 quam
828 3805 952 3860 querere,
964 3791 1039 3860 partu
1050 3787 1117 3840 tueri
1127 3806 1134 3840 r

451 3877 536 3931 Casus
546 3878 615 3930 inest
627 3876 689 3941 illic,
699 3875 742 3929 hio
754 3877 804 3928 erit
815 3876 879 3928 urtis
890 3890 965 3945 opus.

311 4004 420 4076 Quum
441 4021 518 4081 ergo
539 3998 627 4063 istud
645 4019 708 4076 ars,
720 3996 803 4060 illud
818 4015 913 4058 casus
934 3991 1065 4056 nomine
1086 3997 1264 4069 censeatur,

312 4103 386 4186 quis
413 4122 468 4164 eas
497 4100 568 4164 sine
597 4098 814 4183 applicatione
839 4094 958 4160 mentis
987 4094 1113 4158 intensa
1142 4089 1263 4154 diutius

313 4197 439 4266 servati
467 4201 560 4266 Certe
575 4213 666 4264 vetus
680 4197 882 4284 proverbium
898 4208 966 4260 est:
990 4195 1075 4268 Quia
1093 4191 1149 4256 ubi
1164 4212 1263 4269 emor,

311 4301 358 4364 ibi
373 4302 484 4364 oculus
495 4323 506 4378 3
527 4313 560 4364 et
575 4301 630 4364 ubi
644 4301 719 4382 vigil
738 4299 853 4364 mentis
873 4296 1019 4372 intentio,
1034 4295 1079 4358 ibi
1103 4293 1170 4356 fixa
1193 4312 1261 4355 cor·
