3425 5367
316 721 384 766 car.
401 704 478 783 v11.]
669 720 922 768 ronrcuurmus.
1208 710 1268 766 177

315 875 386 938 Neo
405 885 513 937 tamen
535 875 629 937 unius
648 875 736 937 urbis
756 883 880 938 tantum
896 875 970 937 vitia
985 874 1118 957 depingi
1133 875 1261 938 credas:

309 974 379 1056 jam
394 975 491 1037 totius
506 975 593 1038 orbis
608 986 692 1040 sunt.
727 975 823 1048 Quod
838 975 880 1038 ad
894 975 990 1052 istud,
1002 977 1112 1038 orbem
1126 977 1264 1039 Romam

315 1075 426 1138 crede:
461 1077 591 1140 memini
620 1099 671 1140 me
698 1077 825 1140 audisse
850 1078 1034 1141 Romanum
1063 1077 1262 1156 Pontificem,

313 1178 440 1241 solitum
455 1177 600 1242 deridere
624 1180 835 1254 Lombardos,
851 1178 972 1255 dicens,
989 1200 1046 1242 eos
1059 1179 1181 1262 pileum
1196 1200 1263 1241 om·

313 1277 408 1342 nibus
423 1280 684 1363 colloquentibus
702 1280 818 1357 facere,
833 1301 872 1342 eo
894 1280 980 1364 quod
995 1281 1030 1342 in
1045 1280 1180 1343 exordio
1196 1279 1262 1343 dic-

311 1379 408 1442 tionis
427 1381 684 1444 benevolentiam
706 1389 848 1463 captent,
868 1393 1027 1443 eteorum
1048 1402 1121 1444 oum
1142 1383 1261 1466 quibus

311 1479 427 1558 agitur,
451 1482 558 1563 capita
583 1481 721 1564 quodam
743 1481 1031 1544 commendationis
1060 1481 1263 1545 demulceant

313 1581 397 1643 oleo.
441 1582 503 1644 Fili
518 1582 574 1658 mi,
588 1582 692 1665 inquit
710 1583 874 1656 Salomon,
889 1583 916 1645 si
932 1594 964 1645 te
979 1583 1165 1645 lactaverint
1186 1604 1263 1664 pec-

313 1693 448 1758 catores,
462 1705 503 1746 ne
518 1684 705 1768 acquiescas
721 1685 776 1746 eis.
824 1685 893 1767 Ipsi
908 1685 994 1748 enim
1009 1696 1120 1746 contra
1134 1685 1262 1764 sangui-

312 1802 387 1844 nem
413 1803 506 1846 suum
531 1782 731 1862 insidiantur,
753 1795 786 1848 et
806 1785 982 1847 moliuntur
1003 1783 1129 1846 fraudes
1152 1796 1264 1846 contra

311 1884 434 1947 animas
449 1906 532 1948 suas.
576 1885 716 1948 Prohibe
736 1884 852 1968 pedem
868 1895 957 1948 tuum
973 1907 993 1947 a
1007 1884 1129 1947 semitis
1144 1905 1265 1947 eorum·

311 1985 415 2048 Pedes
430 1987 515 2049 eniri]
531 2007 640 2049 eorum
660 1986 701 2049 ad
724 1988 841 2050 malum
857 1997 999 2062 currunt,
1016 1997 1047 2049 et
1061 1985 1214 2050 festinant
1228 1997 1263 2047 ut

313 2086 479 2150 effundant
493 2087 691 2168 sanguinem.

313 2333 392 2419 Cap.
409 2343 438 2400 7.
462 2337 626 2401 Frondem
655 2337 866 2402 adauctorum
895 2342 994 2402 initio
1023 2340 1205 2419 vitandum,
1229 2350 1262 2403 et

354 2439 440 2521 quod
472 2438 671 2516 muneribus,
706 2448 767 2503 out
803 2440 1022 2524 obsequiorum
1058 2440 1262 2525 defficullate,

353 2537 551 2603 ualidissime
562 2542 720 2623 procedit.

351 2690 445 2752 Ecca
462 2688 508 2750 vir
522 2689 774 2772 sapientissimus
791 2691 824 2752 in
840 2690 907 2753 lilio
922 2688 1071 2753 erudiens
1085 2693 1260 2770 universos,

310 2801 540 2856 assentatorum
578 2791 709 2870 gratiam
747 2791 897 2853 omnibus
933 2804 1114 2874 suspectam
1146 2793 1262 2869 reddit,

311 2913 484 2976 omnesque
505 2891 649 2970 deterret,
665 2901 698 2956 et
715 2893 777 2956 hoc
802 2893 932 2976 quidem
952 2895 986 2956 in
1006 2894 1110 2968 initio,
1127 2916 1166 2958 eo
1180 2896 1261 2959 sorte

310 2993 399 3080 quod
414 3005 498 3057 recte
513 2992 706 3074 gradientem
722 2995 842 3078 primus
857 2993 1057 3058 adulatorum
1071 3017 1261 3077 congressus

309 3097 485 3180 impugnat.
531 3095 614 3157 Haec
635 3093 767 3158 sortasse
790 3094 941 3157 meretrix
962 3103 1019 3174 est,
1037 3096 1129 3179 cujus
1150 3096 1263 3160 indicit

310 3197 428 3279 fugam.
473 3195 588 3273 Ferus,
609 3194 721 3279 inquit,
742 3195 899 3259 distillans
919 3197 1006 3260 labia
1026 3198 1212 3273 meretricis,
1228 3208 1262 3262 et

311 3298 444 3363 nitidius
472 3299 545 3360 oleo
576 3305 683 3377 guttur
712 3296 789 3379 ejus.
844 3298 1030 3361 Novissima
1057 3310 1162 3361 autem
1192 3299 1262 3383 ejus

311 3421 418 3464 amara
439 3400 533 3485 quasi
556 3399 764 3474 absinthium,
779 3409 810 3461 et
831 3399 943 3480 lingua
963 3400 1033 3484 ejus
1055 3411 1149 3464 acuta
1171 3403 1264 3485 quasi

310 3501 435 3584 gladius
456 3501 577 3586 biceps.
623 3498 728 3564 Pedes
749 3499 818 3584 ejus
840 3499 1040 3564 descendunt
1060 3502 1095 3564 in
1117 3513 1262 3582 mortem,

311 3613 344 3666 et
357 3601 399 3666 ad
413 3602 529 3666 inferos
544 3621 670 3684 gressus
684 3599 753 3684 ejus
767 3611 946 3683 penetrant,
955 3623 1013 3685 per
1026 3603 1172 3668 semitam
1187 3605 1260 3668 vitae

312 3723 378 3766 non
393 3703 567 3780 ambulant,
579 3702 649 3784 vagi
661 3711 736 3764 sunt
747 3723 871 3784 gressus
882 3701 951 3786 ejus
965 3713 998 3766 et
1011 3704 1259 3788 investigabiles.

312 3803 409 3867 Nunc
425 3822 510 3885 ergo,
523 3801 568 3865 lili
583 3803 639 3878 mi,
651 3800 728 3865 audi
742 3823 804 3880 me,
813 3813 845 3866 et
858 3824 901 3866 ne
911 3803 1044 3867 recedas
1054 3826 1074 3867 a
1083 3807 1187 3869 verbis
1199 3809 1262 3870 oris

311 3901 384 3966 mei.
415 3901 526 3984 Longe
538 3902 588 3966 fac
604 3903 645 3966 ab
661 3923 700 3964 ee
714 3903 796 3966 viam
812 3913 909 3980 tuam,
921 3915 953 3967 et
966 3925 1008 3967 ne
1023 3906 1263 3989 appropinques

311 4003 431 4066 loribus
442 4003 557 4068 domus
571 4003 650 4086 ejus.
679 4003 763 4066 Haec
779 4005 838 4068 etsi
850 4003 892 4068 ad
903 4015 1023 4069 sectam
1037 4006 1261 4070 hereticorum

311 4113 502 4168 censeantur
515 4103 677 4187 precipue
697 4103 873 4181 reserenda,
887 4107 928 4168 ab
943 4104 1135 4171 adulationis
1149 4107 1261 4171 fraude

311 4223 378 4266 non
400 4204 505 4268 aliena
526 4214 610 4267 sunt.
655 4203 689 4266 Si
710 4225 786 4286 ergo
807 4205 848 4268 ad
868 4206 952 4270 sores
971 4207 1085 4271 domus
1107 4207 1176 4293 ejus
1194 4230 1262 4272 non

311 4303 391 4366 licat
404 4301 567 4378 accedere,
582 4303 730 4387 uunquid
750 4303 949 4372 admittenda
968 4319 1019 4372 est
1032 4310 1067 4373 in
1083 4310 1263 4394 precordia

357 4419 429 4466 vot„
445 4419 495 4464 111.
775 4419 797 4464 rr
