3425 5367
459 672 499 735 80
715 687 849 732 Jonnms
865 687 1140 733 sanesnnmmrsrs
1272 665 1355 747 [cm.
1373 689 1410 733 11.

461 838 510 903 vel
537 838 699 903 vinearum
726 838 899 919 radicibus,
922 839 1097 925 appetitiva
1123 837 1260 925 quadam
1287 841 1409 907 virtute

459 938 642 1018 attrahitur,
653 938 768 1001 deinde
783 937 923 1023 quadam
935 940 1161 1005 distributione
1172 951 1306 1017 naturae,
1322 941 1411 1025 dige-

458 1042 541 1104 ritur
560 1062 616 1125 per
630 1038 811 1124 plantarum
830 1040 983 1114 membra,
1000 1052 1031 1103 et
1047 1063 1148 1125 quum
1165 1043 1205 1106 de
1225 1064 1283 1105 sua
1297 1041 1409 1105 decoc-

455 1143 541 1206 tione
567 1141 748 1226 profecerit,
778 1141 933 1227 turgescit
962 1144 996 1205 in
1026 1142 1182 1219 surculos,
1208 1155 1240 1207 et
1270 1166 1335 1227 quo
1363 1143 1405 1207 ad

454 1242 716 1309 sustentationem
744 1242 792 1305 sui
817 1263 879 1304 non
900 1240 1034 1325 indiget,
1059 1242 1092 1305 in
1121 1242 1199 1306 folia
1219 1255 1252 1307 et
1280 1244 1405 1308 fructus

453 1344 582 1419 emittit,
598 1343 655 1429 qui
670 1365 770 1427 quum
788 1343 1012 1417 maturuerint,
1028 1344 1061 1407 in
1081 1357 1186 1409 musta
1201 1344 1405 1430 despumant,

455 1458 487 1511 et
510 1446 554 1509 sic
576 1466 633 1530 per
658 1442 824 1507 intervalla
850 1455 1043 1527 temporum,
1070 1457 1221 1509 consueto
1245 1468 1305 1508 usu
1330 1445 1404 1509 vina

453 1549 650 1636 parturiunt.
697 1544 732 1611 Si
759 1566 833 1608 vero
858 1544 984 1610 occulta
1006 1546 1212 1633 dispositione
1236 1547 1310 1622 Dei,
1333 1547 1403 1632 qui-

453 1648 587 1715 busdam
607 1660 731 1711 naturae
751 1646 915 1727 cuniculis,
929 1647 1071 1731 digestus
1092 1661 1123 1713 et
1147 1661 1327 1713 maturatus
1340 1649 1401 1712 hu·

452 1775 522 1817 mor
536 1751 657 1836 absque
677 1750 829 1834 temporis
847 1748 1030 1830 interstitio,
1043 1751 1245 1836 inopinatum
1261 1762 1403 1815 vertatur

451 1856 484 1919 in
509 1856 629 1928 vinnm,
652 1850 839 1913 miraculum
864 1850 993 1934 quidem
1016 1866 1075 1931 est,
1096 1852 1174 1938 quia
1195 1852 1332 1917 altitudo
1354 1852 1401 1915 di.

450 1955 534 2018 vinae
554 1949 797 2035 dispensationis
816 1962 959 2013 nostrum
979 1951 1172 2016 transcendit
1192 1952 1398 2017 intellectum.

450 2054 525 2135 Sed,
540 2065 576 2116 ut
592 2050 636 2115 ait
657 2052 791 2134 sapiens,
806 2050 898 2114 cedat
920 2052 1053 2119 inscitiae
1075 2054 1205 2118 nubilus
1219 2076 1317 2133 error,
1332 2076 1398 2117 ces·

449 2166 517 2219 sent
540 2150 683 2239 prolecto
709 2150 790 2213 mira
815 2150 925 2215 videri.
971 2154 1045 2216 Non
1072 2167 1177 2218 tamen
1202 2154 1394 2217 mirabilium

448 2255 511 2319 Dei
527 2253 620 2317 fidem
638 2251 687 2315 vel
701 2252 923 2317 auctoritatem
938 2254 1098 2338 infringo;
1124 2256 1178 2319 sed
1194 2255 1394 2319 altitudinem

446 2356 630 2421 divitiarum
648 2355 810 2439 sapientiae
822 2368 854 2419 et
866 2356 1004 2421 scientiae
1021 2380 1098 2437 suae,
1107 2358 1201 2444 plena
1215 2358 1395 2421 humilitate

447 2481 578 2523 veneror
593 2469 623 2521 et
637 2455 786 2532 admiror,
800 2458 899 2521 sciens
915 2458 991 2545 quia
1006 2460 1093 2544 quod
1107 2459 1243 2524 stultum
1258 2473 1306 2523 est
1319 2458 1391 2533 Dei,

444 2558 618 2647 sapientius
646 2570 693 2622 est
722 2557 915 2623 hominibus.
968 2561 1008 2623 In
1035 2561 1143 2626 multis
1172 2564 1286 2626 etenim
1314 2561 1390 2638 labi,

443 2663 581 2729 humana
606 2659 773 2725 infirmitas
795 2674 853 2739 est,
878 2662 960 2727 sicut
982 2662 1015 2727 in
1037 2664 1126 2728 nullo
1149 2663 1240 2729 aliter
1262 2649 1389 2739 sentire,

442 2788 539 2851 quam
556 2788 605 2847 res
620 2787 652 2829 se
668 2764 794 2842 habeat,
811 2764 953 2851 angelica
968 2765 1018 2830 vel
1033 2766 1142 2831 divina
1157 2765 1318 2853 perfectio.

511 3004 591 3084 Cap.
611 3008 659 3064 13.
686 3005 772 3075 Quia
787 3004 881 3065 Deua
894 3005 998 3083 agnis
1011 3024 1104 3065 auam
1117 3008 1318 3085 premunire

731 3104 888 3184 differatur
901 3110 1094 3165 creaturam.

480 3239 554 3301 Hoc
570 3257 699 3321 quoque
723 3234 839 3299 divinae
861 3234 1071 3298 miserationis
1092 3245 1152 3308 est,
1168 3234 1256 3319 quod
1278 3236 1385 3321 signo.

432 3362 502 3404 rum
520 3360 649 3402 suorum
666 3338 784 3403 indicio
800 3336 1010 3423 ignorantiam
1028 3348 1167 3399 nostram
1184 3337 1382 3425 quandoque

432 3441 616 3527 praemunit.
663 3443 795 3504 Cometa
817 3439 972 3525 siquidem
998 3451 1182 3525 apparente,
1205 3431 1396 3506 creduntur

432 3541 596 3604 imminere
612 3540 750 3605 comitia.
796 3542 849 3603 An
867 3541 993 3626 ignoras

642 3666 717 3743 tergis
729 3671 873 3717 mutantem
884 3683 966 3733 regna
977 3667 1131 3720 Cometem?

430 3775 535 3869 Italiae
557 3798 688 3863 quoque
710 3776 894 3841 imminente
916 3779 1051 3855 excidio,
1072 3802 1147 3865 quae
1169 3782 1260 3865 signa
1281 3783 1379 3847 conti-

427 3878 543 3962 gerint,
559 3900 621 3941 non
637 3878 736 3942 nescit
759 3878 905 3965 quisquis
926 3879 1129 3966 aliquatenus
1151 3904 1256 3945 rerum
1271 3884 1378 3969 publi-

427 4000 536 4042 carum
552 3978 700 4043 historias
714 3980 832 4066 attigit.
866 3982 1100 4046 Historicorum
1116 3984 1287 4063 volumina,
1303 4008 1377 4071 quae

426 4080 467 4143 de
490 4081 585 4145 rebus
605 4082 868 4147 memorabilibus
891 4083 1087 4161 scribuntur,
1108 4085 1263 4171 prodigiis
1283 4086 1377 4171 plena

427 4194 501 4247 sunt
531 4197 563 4247 et
592 4182 732 4248 ostentis.
788 4184 937 4270 Denique
966 4186 1025 4250 sub
1056 4187 1152 4251 Helia
1180 4200 1213 4252 et
1244 4189 1375 4254 Heliseo

426 4289 528 4349 multa
542 4284 616 4349 fidei
630 4298 661 4349 et
678 4284 806 4371 virtutis
824 4286 915 4371 signa
935 4292 1130 4371 praecessisse
1145 4312 1207 4354 non
1228 4290 1373 4376 ambigis
