3425 5367
440 727 504 784 ‘332
704 745 845 788 anissis
861 747 1147 791 sannsnnmnusrs
1266 728 1351 808 [unt.
1368 746 1413 790 tr.

446 892 634 954 Petronium
642 894 842 958 Trimalchio
852 896 966 974 refert,
977 898 1105 963 fabrum
1118 898 1233 974 fuisse,
1247 899 1302 983 qni
1315 897 1417 960 vitrea

445 1011 524 1052 rasa
544 990 665 1055 faceret
687 997 873 1058 tenacitatis
895 1009 1009 1073 tantae,
1033 1013 1070 1061 ut
1092 1021 1156 1061 non
1180 999 1298 1084 magis,
1321 989 1418 1085 quam

448 1112 544 1153 aurea
555 1091 606 1154 vel
623 1107 777 1176 argentea
787 1095 1024 1179 frangerentur.
1062 1101 1172 1171 Quum
1185 1119 1264 1182 ergo
1278 1097 1420 1182 phialam

449 1193 639 1277 hujusmodi
660 1195 702 1258 de
724 1198 812 1260 vitro
840 1200 1026 1282 purissimo,
1051 1211 1084 1262 et
1107 1199 1185 1274 solo,
1211 1213 1248 1262 ut
1269 1199 1421 1284 putabat,

447 1293 581 1376 dignam
592 1297 734 1369 Caesare,
744 1297 946 1375 fabricasset,
954 1321 1029 1361 cnm
1042 1321 1174 1362 munere
1184 1321 1244 1360 suo
1256 1300 1416 1363 Caesarem

448 1392 570 1474 adiens,
594 1395 753 1460 admissus
772 1411 833 1460 est.
878 1399 1033 1462 Laudata
1054 1412 1102 1462 est
1125 1399 1248 1483 species
1266 1397 1417 1472 muneris,

451 1497 675 1562 commendata
700 1521 816 1562 manns
844 1500 989 1575 artificis,
1018 1513 1185 1584 acceptata
1213 1512 1262 1563 est
1287 1498 1417 1562 devotio

453 1598 617 1662 donantis.
663 1600 770 1663 Faber
792 1623 870 1664 vero
893 1615 930 1663 ut
953 1601 1196 1665 admirationem
1222 1598 1415 1662 intuentium

455 1711 597 1765 verteret
619 1702 651 1764 in
673 1715 851 1787 stuporem,
869 1716 902 1766 ct
925 1703 986 1766 sibi
1007 1703 1135 1788 plenius
1156 1701 1292 1787 gratiam
1315 1700 1420 1764 conci-

455 1804 548 1867 liaret
563 1803 778 1890 imperatoris,
793 1806 926 1890 petitam
942 1805 983 1867 dc
1004 1828 1100 1868 mann
1120 1805 1258 1871 Caesaris
1278 1801 1418 1888 phialam

458 1905 590 1988 recepit,
604 1929 740 1990 eamque
756 1906 894 1968 validius
908 1908 1043 1991 projecit
1056 1906 1088 1974 in
1099 1912 1320 1992 pavimentum
1329 1916 1419 1966 tanto

460 2008 598 2088 impetn,
628 2020 665 2069 nt
694 2029 753 2069 uec
782 2007 971 2070 solidissima
999 2021 1032 2071 et
1069 2009 1321 2073 constantissima
1349 2005 1421 2068 aeris

460 2107 596 2171 materia
617 2121 759 2172 maneret
781 2108 890 2172 illaesa.
939 2112 1049 2174 Caesar
1071 2122 1179 2174 autem
1203 2110 1245 2174 ad
1267 2109 1335 2172 baac
1356 2130 1419 2170 nou

462 2206 566 2290 magis
575 2209 713 2294 stupuit,
725 2232 821 2294 quam
833 2209 976 2294 expavit.
1023 2212 1070 2274 At
1081 2210 1135 2273 ille
1144 2211 1186 2274 de
1196 2224 1280 2275 terra
1291 2208 1420 2272 sustulit

461 2308 615 2397 phialam,
629 2335 703 2397 qnae
718 2312 848 2397 quidem
872 2334 935 2375 non
952 2312 1055 2376 fracta
1072 2327 1153 2389 erat,
1178 2313 1233 2378 sed
1248 2311 1365 2384 collisa,
1380 2333 1419 2374 ac

464 2415 491 2478 si
514 2417 587 2477 aris
613 2415 801 2486 substantia,
824 2415 900 2478 vitri
926 2415 1062 2500 speciem
1088 2415 1252 2480 induisset.
1298 2411 1422 2476 Deinde

463 2515 645 2581 martiolum
658 2515 699 2578 de
707 2516 777 2579 sinu
789 2519 961 2601 proferens,
973 2514 1088 2580 vitium
1100 2518 1239 2580 correxit
1247 2514 1420 2600 aptissime,

465 2634 497 2684 et
513 2632 666 2705 tanquam
682 2618 828 2682 collisum
848 2640 904 2680 vas
920 2641 1043 2682 aeneum
1065 2618 1185 2682 crebris
1202 2618 1319 2681 ictibus
1333 2639 1423 2700 repa-

465 2725 559 2787 ravit.
604 2724 677 2799 Quo
702 2720 785 2784 facto
807 2743 840 2783 sc
863 2719 980 2784 coelum
1006 2721 1100 2782 Jovis
1123 2732 1229 2783 tenere
1250 2721 1422 2782 arbitratus

467 2839 527 2901 est,
542 2823 682 2910 eoquod
698 2821 947 2886 familiaritatem
964 2819 1110 2893 Caesaris,
1131 2831 1164 2880 et
1182 2816 1421 2880 admirationem

466 2925 607 2991 omnium
630 2949 663 2987 se
685 2923 895 3008 promeruisse
913 2921 1073 2984 credebat.
1120 2917 1182 2980 Sed
1199 2939 1289 2980 secus
1310 2915 1424 2978 accidit

471 3027 627 3104 Quaesivit
640 3026 726 3087 enim
739 3024 861 3098 Caesur,
877 3044 916 3083 an
932 3021 1015 3084 alius
1026 3021 1119 3084 sciret
1134 3019 1216 3082 hauc
1225 3017 1423 3080 condituram

470 3128 652 3191 vitreorum.
676 3123 771 3200 Quod
780 3143 881 3207 quum
891 3116 1425 3205 negaret,eumdecollaripraecepit

471 3232 663 3315 Imperator,
672 3226 798 3289 dicens:
814 3226 892 3309 quia
905 3223 931 3285 si
946 3223 1007 3286 hoc
1018 3223 1190 3286 artificium
1202 3224 1423 3292 innotesceret,

470 3353 585 3396 aurum
601 3339 810 3416 etargentum
821 3325 1018 3403 vilescerent,
1028 3325 1120 3410 qnasi
1131 3323 1245 3388 lutum.
1288 3325 1338 3385 An
1351 3341 1425 3381 vera

472 3438 513 3500 sit
528 3436 640 3499 relatio
654 3448 686 3497 et
701 3430 815 3510 fidelis,
828 3429 985 3492 incertum
1008 3441 1069 3506 est,
1083 3440 1114 3490 et
1130 3425 1170 3488 de
1190 3425 1275 3487 facto
1292 3421 1427 3487 Caesaris

472 3538 588 3600 diversi
604 3537 730 3598 diversa
744 3531 896 3596 sentiunt.
943 3533 1017 3614 Ego
1034 3551 1109 3590 vero
1124 3525 1351 3612 sapientiorum
1365 3545 1427 3586 non

468 3637 684 3724 praejudicans
704 3634 891 3710 intellectui,
911 3632 1116 3696 devotionem
1135 3630 1276 3715 potentis
1298 3625 1428 3691 artificis

474 3742 555 3804 male
584 3747 815 3800 remuneratam
851 3733 1002 3808 arbitror,
1033 3746 1064 3796 et
1100 3730 1256 3798 inutiliter
1290 3729 1429 3792 humano

473 3842 910 3929 generiprospectum,quum
919 3857 969 3900 ars
979 3829 1429 3921 egregiadeletasit‚utfomes

476 3945 629 4020 avaritiae,
640 3943 791 4028 pabulum
804 3937 1171 4016 mortis‚contentionum
1184 3931 1430 4018 praeliorumque

474 4070 569 4112 causa
602 4044 747 4130 pecnnia,
779 4041 987 4126 pecuniaeque
1019 4037 1153 4103 materia
1188 4044 1365 4096 servaretur
1394 4032 1428 4096 in

476 4148 593 4237 precio,
607 4144 695 4232 quod
717 4143 782 4206 sine
802 4141 969 4226 diligentia
988 4138 1124 4204 hominis
1144 4138 1248 4200 fuerat
1269 4133 1430 4208 habitura,

479 4272 578 4337 quum
595 4251 661 4313 siue
676 4271 708 4311 se
723 4269 789 4309 esse
804 4267 866 4308 non
883 4243 993 4328 possit,
1009 4265 1083 4328 quae
1098 4260 1203 4303 rerum
1222 4236 1361 4323 precium
1377 4247 1431 4299 est.

476 4355 599 4440 Utique
639 4396 647 4434 ,
