3425 5367
505 1062 698 1139 JOANNIS
719 1060 1111 1173 §ARESBERIENSIS

424 1239 1201 1351 POLYCRATICUS,

779 1428 847 1468 SIVE

337 1579 383 1629 DE
408 1578 510 1629 NUGIS
533 1577 722 1631 cummuni
747 1576 788 1627 ΕΤ
812 1573 975 1625 vasulans
999 1571 1291 1625 rumosornoltuu.

641 2000 785 2065 LIBER
805 1999 994 2064 PRIMUS.

727 2200 910 2261 usouoeue.

383 2322 405 2385 J
408 2336 653 2384 ucuunlssmus
669 2340 767 2403 quum
781 2319 815 2381 in
831 2317 951 2398 multis,
964 2317 1082 2382 lumin
1096 2340 1137 2383 eo
1152 2315 1293 2385 maxime

342 2432 391 2487 est
417 2422 580 2485 literarum
606 2421 738 2497 fmctus,
762 2418 851 2503 quod
880 2419 1025 2482 omnium
1053 2420 1296 2486 interstitiomm

344 2522 409 2586 loei
438 2533 471 2584 et
498 2521 651 2605 temporis
680 2520 813 2584 exclusa
842 2518 1001 2598 molestia,
1029 2520 1205 2584 amicorum
1232 2522 1297 2586 sibi

346 2622 482 2687 invicem
508 2622 709 2705 praesentiam
739 2620 907 2698 exhibent,
930 2629 963 2683 et
989 2640 1040 2683 res
1065 2622 1148 2685 scitu
1172 2622 1298 2705 dignas,

343 2724 408 2787 situ
422 2723 543 2786 aboleri
562 2742 627 2784 non
647 2720 822 2803 patiuntur.
867 2722 953 2783 Nam
973 2730 1005 2782 et
1025 2731 1108 2784 artes
1126 2722 1299 2803 perierant,

344 2830 539 2887 evanuerant
555 2818 639 2903 jura,
652 2818 730 2882 fidei
745 2829 779 2883 et
792 2819 893 2883 totius
911 2820 1076 2901 religionis
1090 2821 1196 2885 officia
1211 2843 1297 2907 quae-

346 2943 409 3007 qne
425 2930 619 2994 corruerant,
633 2919 769 3004 ipseque
792 2919 872 2983 recti
894 2919 1055 2985 deiecerat
1073 2942 1151 2986 usus
1166 2925 1297 3009 eloquii,

345 3022 408 3087 nisi
433 3022 467 3085 in
491 3020 667 3086 remedium
692 3021 932 3087 infirmitatibus
955 3022 1114 3104 humanae,
1135 3026 1297 3092 literarum

346 3147 438 3191 usum
452 3124 641 3191 mortalibus
660 3124 771 3189 divina
790 3125 952 3190 miseratio
971 3140 1182 3210 procurasset
1226 3130 1298 3195 Ex-

344 3228 452 3313 empla
479 3224 646 3311 majam,
675 3248 747 3310 quae
772 3237 847 3291 sunt
869 3227 1078 3292 incitamenta
1102 3239 1135 3293 et
1157 3230 1300 3298 fomenta

346 3326 479 3403 virtutis,
494 3328 616 3391 nullum
637 3327 769 3391 omnino
789 3326 948 3408 erigerent
967 3338 1021 3389 aut
1041 3341 1214 3410 servarent,
1234 3334 1299 3397 nisi

345 3432 401 3515 pia
428 3428 613 3494 sollicitudo
638 3429 841 3513 scriptorum,
865 3436 899 3492 et
923 3427 1149 3510 triumphatrix
1176 3431 1298 3498 inertiae

346 3530 523 3614 diligentia,
538 3528 650 3595 eedem
662 3528 704 3592 ad
714 3536 860 3615 posteros
873 3526 1110 3592 transmisisset.
1133 3528 1299 3615 Siquidem

348 3632 413 3697 rita
425 3632 541 3710 brevis,
556 3650 669 3695 sensus
687 3630 799 3708 hebes,
817 3628 1024 3711 negligentis
1044 3639 1164 3715 torpor,
1177 3632 1300 3702 inutilis

348 3733 532 3818 occupatio,
552 3752 613 3797 nos
635 3733 776 3817 paucula
795 3732 878 3795 seire
898 3731 1105 3814 permittunt:
1136 3744 1169 3798 et
1187 3736 1301 3802 eadem

343 3834 464 3919 jugiter
477 3834 610 3911 excutit,
620 3844 654 3897 et
664 3834 771 3899 avellit
785 3834 826 3897 ab
843 3832 951 3896 animo
961 3832 1136 3901 fraudatrix
1147 3837 1302 3920 scientiae,

349 3932 480 3998 inimica
501 3944 534 3998 et
552 3931 654 3997 infida
673 3954 799 4017 semper
819 3931 981 3997 memorie
1001 3954 1150 4014 noverea,
1172 3936 1301 4004 oblivio.

350 4032 432 4106 Quis
466 4032 554 4099 enim
583 4032 787 4097 Alexandros
823 4032 921 4097 seiret
955 4040 1012 4097 aut
1044 4032 1200 4113 Coesares,
1230 4041 1303 4123 quis

351 4134 479 4199 Stoicos
487 4143 543 4199 aut
554 4132 785 4217 Peripateticos
794 4132 1305 4217 miraretur,uisieosinsignirent

352 4246 560 4301 monuments
579 4233 793 4319 scriptorum?
832 4234 914 4308 Quis
928 4235 1155 4318 Apostolorum
1174 4248 1207 4301 et
1226 4239 1303 4303 Pro·

353 4334 519 4419 phetarum
545 4336 763 4421 amplexanda
788 4336 964 4401 imitaretur
988 4336 1133 4417 vestigia,
1157 4337 1219 4401 nisi
1248 4359 1305 4404 eos
