3425 5367
325 793 375 836 aa.
394 777 454 854 ru]
659 791 913 836 ronrcnmcus
1199 774 1262 832 229

308 944 393 1009 timae
423 943 612 1027 quantitatis
646 942 889 1006 diminutionem
920 942 952 1004 in
984 938 1116 1023 singulis
1151 959 1256 1001 rerum

305 1045 476 1127 generibus
492 1044 682 1128 significant,
700 1044 749 1106 vel
769 1065 943 1107 excessum.
987 1039 1113 1104 Licebit
1128 1062 1168 1102 ne
1183 1061 1259 1124 ergo

305 1166 396 1206 canes
425 1145 652 1230 multiplicare,
682 1144 867 1207 volucresve
897 1164 1034 1229 rapaces,
1065 1152 1122 1204 aut
1152 1153 1259 1203 truces

305 1243 433 1320 bestias,
457 1258 513 1308 aut
537 1245 687 1331 qnaelibet
710 1258 857 1329 portenta
878 1257 1010 1321 naturae,
1028 1241 1078 1304 cui
1102 1261 1255 1323 equorum

304 1349 361 1429 qui
376 1345 417 1408 ad
434 1347 579 1411 militiam
599 1346 765 1410 necessarii
789 1359 875 1424 sunt,
890 1358 921 1408 et
944 1366 1035 1408 usum
1058 1342 1155 1406 totius
1170 1343 1255 1416 vitae,

304 1469 342 1509 ex
359 1447 501 1531 legitima
517 1448 695 1533 quantitate
710 1448 888 1533 praefinitus
902 1459 950 1510 est
965 1447 1141 1509 numerus?
1172 1447 1256 1508 Nam

304 1547 344 1610 de
373 1549 581 1613 histrionibus
609 1562 641 1613 et
673 1549 786 1627 mimis,
817 1547 933 1612 scurris
967 1561 998 1610 et
1029 1544 1259 1624 meretricibus,

305 1650 483 1724 lenonibus,
514 1664 546 1716 et
576 1650 762 1736 hujusmodi
790 1649 948 1737 prodigiis
976 1649 1151 1722 hominum,
1183 1669 1257 1732 quae

305 1753 482 1837 principem
505 1757 613 1838 potius
634 1765 761 1838 oportet
783 1751 1005 1826 exterminare,
1020 1772 1116 1836 quam
1139 1750 1258 1828 fovere,

305 1877 366 1917 non
393 1855 498 1919 fuerat
524 1856 557 1918 in
584 1856 654 1941 lege
680 1855 798 1918 mentio
824 1853 987 1926 facienda;
1023 1875 1096 1938 quae
1126 1850 1256 1938 quidem

304 1980 412 2020 omnes
427 1956 677 2022 abominationes
691 1958 778 2031 istas,
796 1979 858 2020 non
876 1955 970 2018 modu
986 1977 1004 2017 a
1018 1953 1170 2039 principis
1185 1951 1257 2016 aula

302 2058 456 2138 excludit,
471 2058 526 2122 sed
541 2058 683 2123 eliminat
704 2082 724 2122 a
745 2057 867 2144 populo
892 2057 964 2120 Dei.
1010 2058 1178 2142 Equorum
1201 2076 1257 2116 no-

306 2160 401 2236 mine,
426 2161 525 2224 totius
554 2159 682 2226 familiae
712 2174 744 2223 et
773 2158 1073 2243 impedimentorum
1104 2155 1257 2232 omnium,

304 2262 496 2326 necessarius
519 2261 709 2345 intelligitur
734 2284 821 2324 usus.
867 2261 970 2344 Cujus
993 2258 1135 2344 legitima
1157 2277 1256 2342 quan·

307 2363 381 2428 titas
392 2377 451 2439 est,
462 2385 557 2448 quarn
571 2366 653 2426 ratio
665 2363 871 2439 necessitatis,
880 2372 936 2424 aut
948 2358 1258 2444 utilitatisexposcit.

307 2467 361 2530 lta
376 2481 480 2530 tamen
505 2477 542 2528 ut
562 2463 641 2526 utile
661 2476 693 2528 et
713 2464 880 2526 honestum
903 2473 1121 2546 coaequentur‚
1137 2473 1168 2524 et
1184 2460 1259 2524 civi-

306 2566 379 2630 litas
405 2565 624 2629 conscribatur
650 2564 798 2628 honestis.
851 2562 1054 2648 Philosophia
1081 2565 1163 2625 enim
1190 2561 1259 2646 jam

306 2667 428 2754 pridem
444 2666 575 2752 placuit,
586 2666 839 2751 perniciosiorem
852 2664 971 2728 nullam
988 2687 1054 2728 esse
1069 2663 1259 2749 opinionem,

305 2769 434 2834 illorum
456 2767 603 2853 opinione
625 2767 682 2852 qui
705 2767 782 2831 utile
805 2779 951 2852 separant
978 2767 1019 2832 ab
1041 2766 1193 2836 honesto;
1225 2777 1258 2828 et

307 2870 494 2935 sententiam
511 2869 703 2934 verissimam
724 2881 757 2934 ct
778 2869 975 2933 utilissimam
997 2891 1074 2946 esse,
1089 2868 1258 2932 honestum

306 2985 338 3036 et
355 2971 434 3036 utile
448 2971 480 3034 in
497 2995 529 3034 se
545 2993 779 3057 usquequaque
791 2972 944 3035 converti.
980 2970 1082 3050 Plato,
1099 2983 1135 3033 ut
1150 2969 1258 3034 lerunt

306 3074 446 3138 historiae
468 3073 623 3160 gentium,
646 3097 744 3160 quum
770 3073 898 3138 vidisset
924 3072 1113 3158 Dionysium
1141 3072 1257 3138 Siciliae

306 3190 490 3262 tyrannum,
518 3176 657 3262 corporis
687 3179 734 3240 sui
765 3191 890 3262 septum
914 3175 1121 3242 custodibus:
1161 3174 1256 3253 Quod

306 3277 696 3364 tantum,inquit‚malum
713 3279 827 3354 fecisti,
844 3290 879 3342 ut
894 3301 914 3340 a
929 3291 994 3342 tam
1010 3276 1120 3340 multis
1135 3299 1259 3340 necesse

306 3381 423 3444 habeas
437 3380 614 3444 custodiri?
639 3383 713 3444 Hoc
726 3379 836 3466 utique
850 3379 1026 3466 principem
1043 3402 1104 3442 non
1120 3391 1259 3464 oportet,

307 3483 365 3568 qui
380 3481 491 3562 officiis
504 3482 550 3545 ita
566 3481 625 3546 sibi
640 3481 780 3545 onmium
797 3482 895 3546 vincit
911 3481 1054 3555 affectus,
1071 3483 1258 3566 utquisque

308 3583 467 3658 subditus¹
486 3604 544 3668 pro
559 3606 596 3646 eo
612 3582 761 3668 periculis
781 3582 1022 3645 imminentibus
1042 3595 1139 3666 caput
1158 3603 1258 3666 oppo-

308 3697 372 3746 nat.
404 3685 511 3760 Quum
524 3669 618 3747 etiam
632 3696 765 3768 urgente
777 3697 902 3758 natura,
911 3706 944 3746 se
955 3705 1015 3768 pro
1026 3681 1129 3767 capite
1139 3679 1259 3746 soleant

309 3785 450 3848 membra
465 3806 635 3870 exponere,
651 3798 683 3849 et
698 3785 811 3870 pellem
827 3807 885 3870 pro
899 3785 993 3870 pelle,
1010 3797 1042 3848 et
1056 3797 1172 3848 cuncta
1186 3805 1260 3868 quae
1324 3855 1331 3868 ,

307 3887 402 3950 homo
424 3887 531 3959 habet,
553 3899 652 3972 ponat
674 3908 733 3972 pro
755 3885 859 3948 anima
881 3908 947 3950 sua.
995 3883 1165 3970 Sequitur:
1191 3887 1259 3948 Nec

307 3989 436 4053 reducet
466 3988 623 4075 populum
653 3989 686 4050 in
716 3989 908 4072 AEgyptum,
935 3986 1099 4073 equitatus
1128 4008 1260 4050 numero

308 4090 503 4154 sublevatus.
536 4091 658 4173 Magna
670 4089 825 4174 siquidem
838 4088 1004 4172 diligentia
1014 4087 1257 4173 praecavendum

306 4203 353 4253 est
368 4191 465 4265 omni,
476 4192 531 4277 qui
546 4192 579 4254 in
596 4191 791 4255 sublimitate
806 4191 1025 4268 constituitur,
1041 4213 1078 4254 ne
1094 4190 1257 4255 inferiores

306 4305 490 4378 corrumpat
504 4293 668 4377 exemplis.
684 4306 716 4356 et
730 4291 882 4357 abusione
897 4315 1015 4368 rerum,
1031 4305 1063 4356 et
1077 4315 1134 4378 per
1149 4314 1258 4379 super-

309 4394 372 4456 biae
387 4406 443 4458 aut
460 4393 595 4458 luxuriae
608 4393 691 4456 riam
707 4393 748 4457 ad
763 4395 957 4458 confusionis
969 4396 1113 4460 tenebras
1129 4393 1259 4458 reducat
