3425 5367
343 717 417 764 cru.
432 702 515 780 xva]
696 716 953 762 eourcuarrcns.
1234 702 1298 760 3⁶25

344 880 484 953 cogatur.
507 870 823 953 LegequoqueJulia
831 868 1076 951 repetundarum
1084 868 1295 951 tenetur,qui,

344 996 443 1057 quum
458 972 597 1056 aliquam
609 980 798 1054 potestatem
809 971 942 1033 haberet
956 970 998 1032 ob
1008 968 1231 1052 judicandum,
1244 968 1294 1030 vel

343 1097 408 1139 uon
415 1073 639 1159 judicandum,
650 1072 900 1145 deremendum,
915 1072 965 1133 vel
976 1092 1043 1132 non
1055 1068 1294 1132 decernendum

343 1185 398 1237 aut
415 1177 460 1237 ob
482 1170 745 1236 denunciandum
766 1170 994 1242 testimonium,
1011 1169 1059 1231 vel
1082 1190 1149 1231 non
1170 1168 1293 1231 denun-

343 1272 506 1349 ciandum,
534 1269 706 1353 pecuniam
736 1268 915 1350 acceperit3
951 1267 1042 1329 etin
1069 1288 1204 1346 summa,
1229 1288 1293 1350 quo

342 1373 444 1455 magis
467 1371 649 1434 autminus
671 1367 815 1453 quid-ox
837 1368 944 1430 officio
967 1388 1024 1429 suo
1050 1367 1176 1430 taceret.
1222 1369 1293 1431 Nec

342 1495 404 1536 usu
422 1473 495 1556 cepi
518 1479 624 1554 potest
643 1468 730 1552 quod
750 1468 916 1551 accipitur,
939 1478 1110 1551 antequam
1128 1468 1238 1533 redeat
1259 1470 1294 1531 in

342 1583 531 1656 potestatem
560 1572 629 1655 ejus
656 1592 675 1634 a
701 1591 765 1652 quo
794 1568 969 1651 profectum
995 1578 1053 1645 est,
1077 1578 1132 1630 aut
1157 1569 1294 1632 heredis.

343 1674 556 1739 Venditioues
580 1693 709 1756 quoque
735 1682 767 1734 et
787 1671 976 1745 locationes,
1000 1670 1099 1752 pluris
1125 1670 1294 1733 minorisve

342 1777 455 1852 factas,
469 1776 524 1837 lex
537 1774 601 1836 ista
614 1771 780 1847 rescindit,
794 1783 826 1835 ct
845 1792 884 1833 ea
907 1770 1061 1844 damuati,
1077 1770 1293 1834 testimonium

342 1877 510 1959 publicum
525 1876 642 1951 dicere,
657 1885 713 1937 aut
729 1873 860 1957 judices
875 1892 956 1948 esse,
970 1883 1026 1934 aut
1039 1872 1199 1955 postulare
1221 1892 1294 1953 pro·

342 1978 502 2040 hibentur.
539 1978 584 2040 Et
592 1976 671 2039 licet
682 1975 821 2039 convicti
836 1985 928 2037 extra
939 1972 1083 2036 ordinem
1093 1972 1188 2035 hodie
1201 1974 1295 2055 puni·

342 2088 446 2153 antur,
460 2079 648 2160 plerumque
663 2074 855 2137 damnantur
869 2074 978 2146 exilio,
993 2074 1044 2135 vel
1059 2072 1155 2135 etiam
1175 2072 1297 2155 durius,

343 2189 439 2261 prout
449 2178 646 2241 admiserint.
682 2174 750 2239 Sed
759 2186 791 2238 et
799 2176 840 2238 ab
849 2174 1021 2237 heredibus
1029 2194 1127 2255 poena
1136 2176 1296 2257 repetitur.

344 2278 476 2361 Inspice
499 2279 595 2340 rerba
615 2275 707 2356 legis,
730 2284 763 2337 et
784 2286 905 2357 quauta
927 2273 1148 2354 indignatione
1174 2276 1297 2339 crimen

344 2379 407 2443 hoc
433 2389 641 2460 persequatur
664 2375 804 2438 attende.
850 2376 898 2438 Ut
922 2374 1028 2445 unius,
1051 2374 1165 2457 inquit,
1189 2396 1298 2457 poeua,

344 2487 449 2540 metus
463 2477 565 2560 possit
586 2496 657 2538 esse
672 2476 854 2551 multorum,
869 2474 985 2537 ducem
1001 2473 1056 2557 qui
1076 2474 1159 2535 male
1175 2475 1241 2554 egit
1255 2477 1297 2540 ad

344 2577 553 2661 provinciam,
575 2596 672 2659 quam
693 2574 881 2651 nudaverat,
904 2594 977 2637 cum
1000 2573 1146 2637 custodia
1168 2595 1297 2659 compe·

345 2679 425 2741 tenti
447 2678 492 2741 ire
513 2678 728 2761 praecipimus,
751 2686 875 2739 utnon
897 2677 1000 2737 solum
1023 2675 1111 2758 quod
1133 2677 1208 2758 egit,
1231 2700 1297 2743 non

344 2779 451 2842 dicam
473 2779 680 2854 domesticus,
703 2776 761 2840 sed
780 2776 1010 2859 manipularius
1027 2786 1059 2839 et
1079 2777 1225 2841 minister
1245 2802 1298 2845 ac-

344 2881 441 2963 cepit,
461 2901 568 2942 verum
591 2892 627 2942 ut
647 2877 682 2941 id
704 2877 794 2961 quod
815 2878 885 2959 ipse
907 2898 926 2939 a
946 2874 1197 2960 provincialibus
1219 2882 1299 2945 meis

344 2982 460 3064 rapuit,
475 2993 530 3044 aut
551 2980 688 3055 sustulit,
709 2979 744 3040 in
767 2978 981 3061 quadruplum
1001 2979 1121 3041 invitus
1141 2982 1296 3045 exsolvat.
1334 3002 1337 3008 ’

345 3084 510 3162 Itemque:
551 3082 672 3143 Omnes
692 3081 875 3161 cognitores
897 3090 931 3141 et
947 3079 1077 3163 judices
1099 3100 1118 3141 a
1140 3082 1297 3164 pecuniis,

345 3192 441 3265 atque
463 3181 663 3264 patrimoniis
683 3202 798 3243 manus
820 3180 1012 3259 abstineant,
1031 3204 1138 3265 neque
1160 3183 1300 3247 alienum

339 3282 481 3365 jurgium
504 3292 619 3365 putent
639 3302 730 3344 suam
755 3280 908 3364 praedam.
953 3282 1085 3343 Etenim
1107 3283 1299 3363 privatarum

343 3384 449 3447 litium
468 3383 625 3465 cognitor,
640 3382 793 3465 idemque
816 3394 985 3457 mercator,
1005 3390 1153 3444 statutam
1173 3381 1299 3462 legibus

345 3495 476 3566 cogetur
491 3485 598 3548 subire
608 3484 777 3568 jacturam.
815 3484 862 3545 Et
874 3481 974 3545 illud:
997 3483 1018 3546 J
1021 3484 1153 3545 ubemus
1170 3504 1299 3568 quoque

345 3598 377 3647 et
385 3586 558 3663 hortamur,
567 3598 612 3663 ut,
619 3586 648 3648 si
659 3585 730 3669 quis
738 3584 819 3649 forte
829 3585 1066 3657 honoratorum,
1079 3583 1299 3666 decurionum,

344 3706 575 3767 possessorum,
590 3701 751 3769 postremo
766 3687 862 3750 etiam
883 3688 1080 3763 colonorum,
1095 3706 1114 3749 a
1128 3686 1300 3771 cujuslibet

344 3786 467 3849 ordinis
475 3787 588 3869 judice
602 3788 698 3851 fuerit
713 3787 821 3869 aliqua
835 3787 959 3849 ratione
975 3806 1162 3863 concussus,
1178 3788 1205 3849 si
1226 3789 1298 3869 quis

345 3887 428 3951 sciat
443 3890 588 3951 venalem
608 3888 649 3951 de
666 3887 738 3971 jure
759 3886 857 3948 fuisse
873 3886 1076 3959 sententiam,
1093 3887 1117 3947 si
1135 3888 1207 3967 quis
1229 3909 1300 3971 poe·

345 4008 419 4050 nam
436 3990 485 4051 vel
499 3989 607 4072 precio
626 3988 802 4059 remissam,
819 3986 869 4046 rel
889 3985 966 4047 vitio
984 3982 1169 4067 cupiditatis
1190 3986 1297 4067 iuges·

347 4099 429 4152 tam:
453 4090 481 4152 si
493 4091 566 4173 quis
578 4101 737 4173 postremo
750 4106 941 4169 quacunque
954 4084 995 4148 de
1007 4105 1105 4147 causa
1115 4086 1299 4170 improbum

340 4189 485 4273 judicem
507 4192 647 4274 potuerit
666 4190 854 4273 approbare,
868 4188 896 4249 is
916 4188 965 4249 rel
986 4186 1228 4254 administrante
1249 4213 1302 4271 eo,

346 4292 396 4353 rel
426 4302 500 4373 post
530 4291 838 4356 administrationem
869 4288 1047 4371 depositam
1071 4290 1105 4353 in
1135 4292 1299 4374 publicum
