3425 5367
292 721 488 800 csr.xxv1.']
641 739 895 792 corronimcos.
1184 735 1241 794 tsl

294 890 424 956 consilio
436 893 577 957 Danielis
592 906 720 979 peccata
731 894 937 980 eleemosynis
952 896 1120 971 redimens,
1135 908 1168 961 et
1182 899 1242 961 ini·

294 993 431 1074 quitates
439 994 470 1057 in
481 992 702 1058 misericordiis
713 1015 902 1080 pauperum,
912 998 1100 1060 sententiam
1113 998 1243 1062 Domini

290 1089 517 1174 imminentem,
530 1094 571 1158 ed
594 1107 721 1180 tempus
739 1094 866 1180 effugit,
880 1095 981 1159 donec
994 1097 1027 1159 in
1044 1097 1118 1161 actis
1134 1098 1242 1181 Baby·

293 1191 373 1257 lonis
386 1195 526 1280 gloriam
541 1195 674 1260 diceret:
700 1197 813 1259 Nonne
826 1197 898 1262 haec
910 1211 958 1262 est
971 1197 1116 1282 Babylon
1129 1198 1244 1262 civitas

290 1313 416 1378 magne,
431 1317 529 1380 quem
545 1319 605 1379 ego
617 1295 771 1360 aediiicevi
781 1296 812 1359 in
822 1295 951 1359 domum
968 1298 1069 1380 regni,
1081 1299 1113 1360 in
1130 1299 1243 1363 robore

291 1394 492 1459 fortitudinis
509 1419 598 1476 rneae,
612 1411 644 1461 et
659 1397 691 1458 in
706 1396 808 1479 gloria
829 1397 964 1460 nominis
985 1395 1071 1460 mei?
1098 1399 1151 1463 Sic
1165 1422 1243 1483 ergo

288 1495 434 1558 elationis
459 1517 546 1574 voce,
569 1497 603 1559 in
628 1496 766 1581 seipsum
787 1497 859 1581 jem
882 1498 1059 1581 fugientem
1087 1499 1149 1562 Dei
1174 1521 1244 1562 sen·

291 1597 426 1661 tentiam
440 1597 610 1662 revocavit.

293 1869 376 1954 Cep.
397 1873 449 1934 26.
482 1872 578 1946 Quod
600 1873 761 1936 sentenia
790 1871 856 1934 Dei
881 1875 998 1935 mooen‘
1020 1880 1135 1955 potest,
1156 1874 1246 1954 qnod

335 1973 504 2035 mutilium
518 1973 584 2036 Dei
597 1973 793 2036 immutabile
806 1980 865 2049 est,
880 1979 912 2036 et
930 1975 1079 2036 voluntas
1098 1973 1163 2036 Dei
1173 1975 1245 2054 pti·

335 2093 390 2136 mo
408 2077 550 2138 omnium
573 2095 684 2152 conso,
705 2083 738 2137 et
757 2077 844 2156 qood
862 2076 1015 2142 mamre
1033 2077 1087 2139 oio
1109 2076 1246 2139 domm

336 2175 435 2237 tionis
447 2180 504 2238 cst.

337 2307 442 2383 Quen
458 2307 569 2394 itaque
588 2307 799 2374 immutabilis
819 2310 882 2374 Dei
903 2311 1003 2396 possit
1029 2310 1148 2372 moveri
1172 2329 1245 2372 sen-

292 2405 403 2484 tentia,
429 2409 602 2473 errantium
631 2421 664 2473 et
693 2408 941 2475 discurrentium
970 2410 1111 2474 siderum
1141 2429 1243 2472 sermo

291 2507 433 2572 manebit
445 2507 639 2572 immobilis?
678 2509 741 2574 Sed
761 2530 956 2594 quocunque
977 2509 1073 2573 modo
1088 2509 1246 2574 sententia

293 2619 472 2683 moveatur,
502 2607 669 2672 consilium
707 2609 838 2674 Domini
867 2623 974 2675 menet
1007 2610 1040 2673 in
1079 2623 1246 2672 aeternum.

292 2707 389 2782 Quod
405 2721 511 2773 sutem
523 2707 648 2772 consilii
672 2718 704 2773 et
719 2709 894 2772 voluntatis
909 2709 970 2772 Dei
985 2709 1112 2793 signum
1127 2711 1247 2773 certius

291 2819 352 2885 est,
375 2810 587 2893 praeceptione
613 2821 670 2873 aut
695 2808 909 2895 prohibitione
931 2807 1065 2872 divine?
1105 2811 1159 2871 An
1181 2811 1246 2872 non¹

292 2919 379 2970 recte
393 2905 557 2970 videbitur
578 2907 669 2985 velie,
686 2907 772 2994 quod
789 2907 956 2994 proecipit?
995 2907 1094 2972 Plane
1110 2910 1249 2972 Patrier-

292 3007 384 3071 chem
400 3007 554 3092 praecepit
569 3006 768 3092 unigenitum
786 3008 1004 3093 promissionis
1018 3007 1119 3071 filiurn
1136 3009 1247 3072 immo·

294 3109 367 3173 iare.
402 3109 513 3188 Recte,
521 3129 560 3172 ne
573 3109 759 3174 Patrisrche
767 3109 933 3174 mandenti
942 3109 1124 3195 acquievit?
1147 3114 1247 3176 Recte

291 3207 424 3296 quidem
435 3231 493 3296 per
503 3210 619 3286 omnia,
631 3233 670 3273 eo
681 3210 767 3296 quod
778 3209 964 3274 mandatum
977 3210 1162 3287 voluntatis,
1174 3233 1247 3296 quoe

292 3310 396 3395 prima
410 3309 554 3373 omnium
577 3332 673 3373 causa
695 3324 755 3384 est,
770 3323 802 3374 et
824 3331 986 3394 nunquam
1003 3331 1062 3372 suo
1076 3309 1248 3373 fraudetur

292 3409 416 3490 effectu,
427 3409 640 3474 certissimum
650 3409 806 3474 indicium
817 3408 869 3472 sit.
901 3407 1135 3492 Adeoquidem
1145 3407 1248 3493 prime

293 3525 352 3590 est,
364 3524 401 3576 ut
413 3514 438 3576 si
454 3525 620 3598 quietatur
635 3512 675 3575 de
690 3511 810 3596 aliquo,
821 3533 880 3574 cur
893 3509 939 3575 its
952 3510 1007 3586 sit,
1020 3510 1190 3576 rectissime
1200 3511 1248 3576 di-

292 3625 395 3691 cetur,
409 3614 559 3696 quonism
575 3611 629 3676 ille
650 3615 694 3677 sic
709 3611 823 3689 voluit,
838 3611 896 3698 qui
911 3611 1030 3691 omnia,
1044 3630 1247 3698 quoeconqoe

292 3711 405 3790 voluit,
421 3711 507 3779 fecit.
552 3713 587 3780 Si
602 3737 678 3777 vero
698 3735 754 3778 cur
770 3711 906 3776 voluerit
932 3712 1126 3798 inquiretur,
1140 3713 1249 3800 inepte

292 3813 428 3900 questio
437 3817 659 3900 est,quoniam
674 3815 786 3900 primae
801 3837 917 3889 causoe,
933 3812 1106 3877 voluntatis
1117 3812 1247 3890 scilicet,

292 3915 449 4000 quaeritur
463 3938 570 3993 censs,
584 3916 677 4002 cujus
691 3915 778 3980 nulls
793 3927 840 3978 est
855 3914 984 3977 omnino
998 3934 1104 3977 caum.
1142 3912 1246 3997 Equi·

291 4013 364 4080 dem
384 4015 447 4080 dici
463 4015 553 4098 solet,
567 4029 599 4081 et
623 4039 733 4080 verum
753 4029 812 4092 est,
829 4015 905 4101 quis
923 4015 957 4078 in
977 4036 1073 4078 manu
1094 4013 1246 4099 principis

291 4127 349 4188 est,
366 4129 402 4179 ut
418 4115 518 4202 possit
533 4115 797 4204 mitiusjudicare
808 4137 905 4202 quam
922 4114 1017 4199 leges,
1026 4135 1127 4200 quum
1139 4126 1172 4177 et
1187 4109 1247 4198 qui

292 4213 395 4296 legem
411 4215 497 4296 tulit,
512 4215 716 4300 derogandae,
736 4215 786 4279 vel
809 4215 1003 4298 abrogendoe
1017 4214 1114 4292 illius,
1128 4211 1245 4276 hebeat

292 4329 496 4402 potestatem.
532 4317 613 4403 Legi
629 4341 715 4402 ergo,
730 4341 825 4402 quem
838 4316 958 4402 figulus
968 4328 1044 4381 tuus
1055 4313 1137 4378 coelo
1147 4315 1249 4396 impo-

746 4425 804 4480 rs
