3425 5367
329 729 507 808 cunnus]
682 743 938 790 rourcusrrcus.
1183 759 1188 770 ·
1221 730 1284 790 203

332 921 428 984 quam
449 901 533 964 inter
551 897 692 976 amicos3
715 907 748 960 et
760 897 845 959 inter
864 895 997 974 amicos,
1012 916 1049 958 ac
1072 895 1099 958 si
1121 894 1156 958 in
1170 894 1286 958 mediis

331 1002 477 1064 hostibus
491 1000 656 1063 viveretur.
701 999 747 1060 Et
762 995 946 1079 Satyricus:

434 1120 585 1176 Virendum
596 1126 637 1173 est
648 1125 719 1174 recte
730 1137 810 1188 quum
819 1123 924 1191 propter
935 1118 1055 1191 plurima,
1067 1125 1123 1174 tum
1135 1120 1168 1173 dc
1179 1121 1221 1174 his

437 1208 572 1279 Praecipue
583 1208 678 1274 musis,
689 1211 720 1259 ut
730 1205 835 1273 linguas
846 1205 1032 1276 mancipiorum

436 1292 607 1357 contemnas,
618 1310 681 1346 uam
691 1290 784 1359 lingon
793 1289 857 1342 mali
870 1307 930 1362 pers
942 1293 1055 1362 pessima
1066 1293 1143 1345 servi.

329 1407 396 1470 Sed
406 1428 473 1469 non
486 1406 584 1469 modo
598 1418 728 1490 propter
741 1407 867 1487 linguas
882 1426 1053 1482 servorum,
1066 1429 1175 1470 verum
1188 1428 1284 1492 prop·

333 1519 380 1572 ter
395 1507 531 1589 gladios,
545 1519 578 1572 et
594 1529 720 1572 venena
739 1517 919 1590 potentum,
935 1518 968 1570 et
988 1508 1122 1572 insidias
1137 1510 1291 1584 omniurn,

335 1621 497 1693 praecepto
513 1609 651 1692 Satyrici
666 1608 866 1692 parcendum
882 1619 939 1672 est.

337 1895 419 1977 Cap.
437 1898 487 1957 13.
513 1894 608 1962 Quod
628 1895 799 1958 vendicari
815 1902 962 1975 poscunt,
983 1916 1052 1979 que
1074 1903 1149 1958 runt
1171 1894 1290 1958 adulo·

380 1995 521 2060 tionibus
535 1999 718 2081 acquisito,·
741 2005 774 2060 et
789 1995 829 2058 de
842 1995 1023 2074 lenonibus,
1038 2003 1069 2058 et
1084 1995 1244 2073 mollibus,
1258 2004 1290 2060 et

375 2117 483 2176 poence
495 2116 605 2160 eorum
611 2117 626 2168 ;
640 2105 673 2160 et
684 2098 771 2181 quod
779 2097 948 2179 pudicitia
960 2098 1089 2178 cresenci
1103 2118 1168 2160 non
1178 2105 1287 2180 potest

379 2199 546 2277 cioknter,
558 2200 624 2262 nni
638 2219 729 2261 mens
743 2201 817 2281 ipsa
830 2200 1021 2262 consentiat.

379 2332 490 2400 Arum
512 2330 659 2394 adulator
683 2329 715 2392 ei
740 2350 944 2414 nequaquam
964 2350 1074 2412 parere
1095 2340 1213 2413 potest,
1235 2331 1292 2413 qui

339 2432 421 2494 nihil
436 2429 523 2495 aliud
540 2433 662 2516 quaerit,
675 2432 739 2494 nisi
754 2443 790 2494 ut
803 2432 941 2514 placeat.
986 2431 1021 2493 Si
1036 2441 1152 2513 potest,
1166 2451 1223 2515 per
1238 2453 1293 2508 sc;

339 2534 390 2597 sin
406 2542 514 2596 autem
525 2555 694 2617 personam
709 2533 919 2616 suppositam,
929 2532 1043 2616 quaerit
1058 2553 1191 2595 uxorem
1203 2532 1294 2610 forte,

341 2633 477 2697 aliamve
492 2634 696 2719 conjunctam
712 2634 762 2696 vel
772 2633 858 2716 jure,
873 2634 924 2696 vel
941 2633 1120 2696 affectione.
1157 2633 1295 2696 Affectio

340 2745 448 2800 temen
462 2737 626 2802 efficacior
644 2747 703 2814 est,
717 2756 756 2798 eo
778 2734 868 2819 quod
888 2733 930 2798 ad
949 2743 1093 2798 naturam
1109 2734 1295 2798 familiarius

339 2837 479 2916 accedit,
502 2838 630 2922 ipsique
654 2837 764 2901 unitur
787 2837 916 2914 unimae,
937 2835 1091 2920 quicquid
1117 2836 1295 2900 affectionis

339 2939 459 3004 soedere
474 2941 651 3023 copulatur.
683 2939 759 3001 Non
774 2947 823 3001 est
837 2938 949 3022 ntique
960 2937 1172 3022 perniciosior
1185 2959 1294 3001 assen-

339 3040 431 3116 tatio,
452 3061 549 3124 quam
572 3062 611 3104 eu
632 3062 704 3125 quae
727 3037 909 3104 affectionis
930 3039 1117 3104 inductione
1139 3038 1294 3124 procedit.

342 3137 425 3202 Inde
444 3151 493 3202 est
512 3140 600 3224 quod
623 3161 711 3225 sape
732 3141 838 3205 mariti
860 3143 979 3206 arctius
1001 3143 1246 3226 amplectuntur,
1261 3150 1294 3204 et

342 3261 378 3304 se
390 3238 545 3305 riualibus
559 3242 626 3306 suis
641 3253 810 3326 exponunt
828 3243 967 3325 plenius,
982 3253 1014 3306 et
1028 3241 1146 3326 saepius
1160 3243 1297 3306 invitant

341 3341 384 3404 ad
406 3363 535 3406 coenam
556 3343 750 3406 matrimonii
772 3355 983 3425 corruptores,
1007 3341 1094 3422 dum,
1111 3353 1148 3406 ut
1169 3363 1296 3426 prover·

340 3443 468 3508 bialiter
482 3444 611 3521 dicitur,
625 3457 748 3508 amator
762 3445 911 3507 incautus
930 3443 1059 3527 pudicae
1075 3445 1176 3526 magis
1191 3445 1298 3524 uxori,

344 3565 439 3628 quum
453 3545 640 3610 infidelibus
661 3547 765 3610 oculis
779 3544 891 3610 credit.
938 3545 1057 3608 Nonne
1078 3546 1153 3610 satis
1167 3545 1298 3611 delusus

344 3655 403 3722 est,
425 3647 481 3728 qui
500 3648 606 3710 oculis
628 3649 694 3712 suis
715 3648 922 3712 assertionem
945 3647 1232 3734 femineamque
1254 3671 1297 3713 ex

343 3767 382 3810 eo
396 3747 467 3810 solo
478 3747 600 3833 decipit
613 3751 766 3831 crebrius,
775 3749 863 3834 quod
877 3749 1078 3834 intercipitur
1087 3752 1198 3829 rarius,
1208 3761 1297 3816 unte·

344 3847 457 3930 ponit?
480 3849 561 3914 Pica
575 3848 735 3935 siquidem
749 3852 927 3936 pulvinaris
942 3851 1166 3915 efficacissime
1180 3863 1239 3926 est,
1254 3861 1298 3931 et,

344 3957 379 4012 ut
393 3949 460 4013 dici
477 3951 571 4030 solet,
580 3952 695 4015 cornix
709 3963 868 4016 nocturna
882 3952 995 4034 quovis
1006 3961 1130 4015 oratore
1142 3952 1299 4033 disertior,

344 4060 377 4112 et
390 4051 549 4136 cujusque
564 4053 670 4136 operis
684 4053 809 4130 faciem,
820 4071 1023 4136 quocumque
1037 4051 1166 4116 libuerit
1180 4055 1299 4134 colore,

346 4153 450 4214 vestit.
496 4156 568 4227 Quo
584 4175 660 4237 ergo
675 4154 810 4230 cautior,
824 4175 862 4218 eo
885 4153 1064 4236 suspectior
1078 4154 1227 4220 habende
1241 4169 1298 4220 est.

346 4250 383 4312 Si
412 4251 506 4317 dolus
535 4255 628 4320 dedit
655 4275 787 4318 caumm
816 4254 1008 4330 contractui,
1037 4255 1238 4331 rescinditur,
1268 4270 1301 4320 et

346 4366 537 4419 revocantur
549 4357 666 4422 omnia.
679 4377 750 4413 anm
767 4373 808 4414 ex
823 4373 875 4428 eo,
887 4353 938 4416 rel
954 4353 996 4414 ob
1011 4353 1044 4414 id
1060 4355 1203 4436 prolecta
1218 4371 1301 4422 sunt.

971 4892 1259 5184 h
