3425 5367
282 774 353 819 car.
372 759 445 838 vm]
633 771 888 819 ronvcmrrcus.
1174 760 1233 818 ‘291

284 925 430 1009 remiges,
445 934 631 988 contentum
645 923 740 988 luisse
751 923 896 988 traditur.
937 922 1068 987 Attilius
1081 921 1236 1004 Regulus,

284 1046 384 1112 quum
406 1026 539 1091 summis
552 1025 648 1090 rebus
667 1025 856 1111 praefuisset,
872 1025 953 1089 adeo
974 1046 1095 1110 pauper
1116 1022 1186 1105 suit,
1202 1034 1237 1087 ut

284 1149 328 1205 se,
352 1129 532 1214 conjugem,
554 1128 734 1214 liberosque
759 1127 910 1192 toleraret
935 1127 1048 1211 agello,
1072 1127 1126 1214 qui
1153 1126 1237 1190 cole-

285 1230 380 1294 batur
393 1252 566 1317 perunum
580 1229 733 1295 villicum.
772 1230 874 1314 Cujus
888 1229 997 1293 audita
1011 1242 1124 1308 morte,
1139 1227 1236 1313 scrip·

285 1331 326 1397 sit
350 1333 483 1396 Senatui
504 1333 546 1396 de
569 1352 747 1396 successore
769 1331 830 1394 sibi
852 1330 1000 1405 creando,
1023 1342 1056 1395 et
1078 1329 1236 1393 destitutis

286 1435 381 1499 rebus
395 1435 485 1499 obitu
500 1434 593 1513 servi,
609 1434 818 1498 necessariam
834 1455 902 1498 esse
917 1432 1118 1519 praesentiarn
1135 1454 1234 1496 suam.

287 1538 326 1603 C.
355 1537 463 1624 Scipio
486 1549 557 1623 post
581 1558 630 1601 res
654 1554 803 1622 prospere
826 1536 859 1599 in
886 1536 1042 1622 Hispania
1067 1547 1181 1620 gestas,
1202 1535 1236 1598 in

285 1660 412 1704 summa
440 1650 626 1726 paupertate
656 1638 801 1715 decessit,
828 1660 869 1701 na
899 1660 938 1702 ea
967 1638 1096 1725 quidem
1127 1636 1238 1702 relicta

285 1743 432 1828 pecunia,
448 1764 523 1829 quoe
545 1742 702 1808 sufficeret
723 1742 757 1805 in
779 1742 888 1806 dotem
912 1741 1066 1819 filiarum3
1096 1763 1174 1827 quas
1196 1741 1238 1805 ob

286 1843 426 1930 inopiam
442 1843 570 1929 publice
584 1842 706 1908 dotavit
720 1846 866 1909 Senatus.
915 1841 1010 1923 Idem
1024 1842 1239 1927 praestiterunt

289 1945 502 2011 Athenienses
513 1946 586 2010 filiis
600 1944 748 2010 Aristidis
767 1956 838 2031 post
848 1944 1113 2031 amplissimarum
1131 1966 1237 2009 rerum

287 2046 594 2112 administrationem
633 2048 667 2110 in
702 2068 827 2111 summa
861 2056 1048 2131 paupertate
1083 2043 1238 2109 defuncti.

289 2149 455 2215 Hannibal
480 2151 521 2215 de
547 2163 641 2215 nocte
667 2172 797 2234 surgere
822 2148 932 2213 solitus
962 2172 1025 2213 non
1055 2148 1240 2236 quiescebat

286 2262 361 2315 ante
386 2267 525 2332 noctem,
553 2252 739 2337 crepusculo
764 2252 897 2315 demum
923 2252 1023 2315 socios
1047 2252 1087 2315 ad
1115 2274 1237 2317 coenam

286 2354 432 2433 vocabat,
448 2374 553 2439 neque
572 2354 709 2437 amplius
730 2372 827 2437 quam
842 2351 967 2414 duobus
989 2352 1079 2414 lectis
1101 2351 1240 2415 discum-

286 2456 424 2521 bebatur
448 2456 534 2540 apud
559 2476 645 2519 eum.
701 2453 792 2517 ldem
820 2474 919 2539 quum
947 2452 1007 2516 sub
1037 2452 1240 2517 Hasdrubale

287 2556 440 2621 militaret
467 2560 676 2641 Imperatore,
699 2556 890 2642 plerumque
916 2576 1011 2639 super
1036 2554 1154 2618 nudam
1182 2554 1241 2617 hu-

286 2680 388 2737 mum,
409 2658 518 2743 sagulo
540 2669 654 2735 tectus,
677 2679 803 2721 somnos
825 2656 981 2742 capiebat.
1027 2655 1239 2719 AEmilianum

291 2758 473 2844 Scipionem
486 2758 621 2823 traditur
632 2759 665 2822 in
677 2759 791 2821 itinere
803 2779 876 2821 cum
890 2756 999 2821 amicis
1010 2756 1240 2833 ambulantem,

290 2872 422 2946 accepto
443 2882 526 2945 pane
542 2861 625 2925 vesci
647 2860 784 2926 solitum.
832 2860 914 2924 Item
938 2871 972 2923 et
993 2860 1033 2923 de
1059 2859 1242 2924 Alexandro

291 2962 472 3027 Macedone
488 2962 613 3026 dicitur.
655 2964 818 3046 Augustus
835 2962 944 3027 Caesar
959 2962 1083 3025 minimi
1095 2961 1156 3027 cibi
1174 2975 1242 3027 erat

290 3075 386 3152 etque
408 3065 553 3149 vulgaris.
601 3061 681 3128 Fere
704 3050 926 3129 secundarium
950 3087 1078 3151 panem,
1095 3078 1128 3129 et
1150 3066 1242 3151 pisci-

290 3168 378 3233 culos
392 3167 542 3243 minutos,
558 3177 592 3230 et
607 3188 734 3229 caseum
751 3166 896 3231 bibulum
920 3188 1018 3231 manu
1039 3190 1195 3253 pressum,
1211 3180 1244 3231 et

290 3271 370 3335 ficus
397 3270 524 3346 biferas,
547 3268 662 3332 virides
683 3268 832 3344 maxime,
855 3270 1037 3354 appetebat.
1084 3270 1244 3333 Vesceba-

289 3385 404 3461 turque
435 3385 508 3437 ante
538 3393 674 3448 omnam,
705 3392 896 3457 quocunque
934 3382 1076 3456 tempore
1106 3385 1139 3435 et
1174 3372 1243 3436 loco

291 3476 472 3541 stomachus
486 3475 704 3540 desiderasset.
751 3474 847 3541 Unde
871 3473 985 3559 ipsein
1008 3475 1146 3561 quadam
1163 3475 1243 3560 epis-

290 3577 369 3641 tola:
394 3577 465 3641 Nec
480 3577 613 3642 Judaeus
623 3576 785 3663 equidem,
798 3576 843 3639 mi
860 3575 983 3651 Tiberi,
996 3588 1063 3640 tam
1075 3576 1245 3661 diligenter

297 3678 465 3743 sabbatum
493 3691 606 3753 servat,
630 3700 726 3766 quam
757 3700 817 3764 ego
846 3679 942 3743 hodie
973 3678 1104 3761 servavi,
1126 3680 1181 3766 qui
1212 3681 1243 3743 in

291 3779 408 3843 balneo
437 3791 508 3865 post
536 3779 646 3844 horam
676 3780 813 3865 primam
842 3780 954 3860 noctis,
984 3780 1063 3844 duas
1096 3780 1246 3845 buccatas

293 3880 493 3961 manducavi,
516 3881 700 3967 priusquam
726 3880 803 3964 ungi
825 3881 1009 3965 inciperem.
1057 3880 1142 3943 Iram
1167 3904 1246 3967 quo-

293 4004 356 4068 que
382 3982 533 4047 citissime
563 3982 757 4057 remittebat,
784 3981 863 4043 dum
894 3980 1073 4066 injuriantis
1102 3982 1246 4047 animum

294 4084 417 4148 videret
434 4084 651 4149 immutatum.
698 4081 742 4146 Et
764 4082 935 4168 sicutipse
957 4084 1096 4164 dicebat,
1113 4085 1246 4151 celerius

293 4207 391 4272 quam
427 4187 571 4272 asparagi
600 4198 788 4272 coquantur.
850 4184 923 4249 Hoc
952 4188 1038 4251 euim
1069 4188 1166 4253 verbo
1201 4191 1247 4254 rei

290 4288 450 4353 festinatae
465 4288 667 4353 velocitatem
683 4288 806 4352 solebat
817 4288 1009 4373 exprimere.
1052 4290 1088 4353 lu
1101 4313 1246 4356 sermone

293 4390 451 4477 siquidem
463 4399 496 4451 et
507 4388 579 4465 lroc,
590 4401 624 4453 et
634 4389 783 4474 quaedam
796 4390 860 4455 alia
871 4390 1021 4457 nobiliter
1032 4405 1248 4477 usurpaverat,

753 4502 809 4557 ut
