3425 5367
319 749 469 828 osnxn]
664 765 918 813 mnronsrrons.
1205 753 1267 812 att

320 916 428 981 orbis?
456 917 595 983 Divitias
609 939 672 981 non
687 917 852 993 habemus,
870 935 1005 1001 quarum
1022 914 1198 1002 cupiditate
1212 940 1271 984 uos

321 1017 437 1083 debeas
450 1041 646 1106 expugnare,
661 1019 803 1084 omnium
826 1017 911 1082 bona
928 1017 1078 1082 omnihus
1092 1019 1272 1084 communia

321 1132 403 1184 sunt.
449 1121 533 1185 Esca
555 1137 603 1186 est
626 1120 719 1185 nobis
744 1143 804 1207 pro
828 1117 963 1195 divitiis,
989 1141 1048 1204 pro
1074 1118 1215 1185 cultibus
1239 1133 1272 1186 et

322 1242 412 1299 aum,
427 1221 499 1287 vilis
512 1239 544 1288 et
559 1245 632 1288 rara
646 1222 753 1288 vestis.
798 1221 941 1285 Feminae
955 1231 1061 1285 autem
1078 1233 1195 1286 nostrae
1209 1243 1272 1286 uon

321 1335 488 1401 ornantur,
503 1337 542 1389 ut
559 1323 725 1410 placeant3
748 1343 845 1409 quem
865 1321 996 1407 quidem
1017 1335 1273 1388 ornamentorum

323 1420 458 1497 cultum,
473 1422 581 1508 potius
595 1421 683 1487 oneri
697 1422 867 1508 deputant,
879 1443 975 1506 quem
987 1419 1103 1490 decori.
1142 1423 1273 1488 Etenim

324 1522 467 1588 nesciunt
500 1526 534 1588 in
563 1522 711 1609 augenda
740 1521 984 1610 pulchritudine
1012 1522 1086 1608 plus
1115 1523 1273 1599 affectare,

325 1645 423 1708 quam
439 1623 527 1710 quod
549 1636 634 1689 natm
654 1636 736 1690 sunt.
781 1626 883 1687 Antra
902 1620 993 1685 nobis
1006 1620 1165 1708 duplicem
1182 1645 1275 1688 usum

325 1737 491 1809 praestant,
504 1737 726 1812 tegumentum
745 1725 779 1788 in
801 1723 878 1803 vita,
892 1725 924 1787 iu
946 1735 1049 1786 morte
1068 1723 1276 1810 sepulturam.

327 1824 449 1910 Regem
466 1826 630 1906 habemus,
643 1848 706 1890 non
729 1847 789 1912 pro
807 1823 948 1910 justitia,
964 1821 1018 1887 sed
1040 1845 1099 1908 pro
1113 1825 1277 1891 nobilitate

327 1928 551 1996 oonservauda.
595 1931 699 2007 Quem
724 1927 807 1992 enim
833 1929 940 1991 locum
966 1925 1093 1992 haberet
1124 1926 1278 2005 vindicta,

329 2027 384 2093 ubi
401 2029 490 2094 nulla
503 2029 540 2095 lit
555 2029 736 2116 injustitia?
771 2028 833 2094 His
848 2026 953 2092 verbis
968 2039 1073 2092 motus
1088 2027 1279 2107 Alexander,

329 2127 449 2194 nullam
471 2143 561 2196 ratus
582 2129 758 2208 victoriam,
781 2129 807 2193 si
829 2149 938 2194 eorum
961 2149 1069 2213 pacem
1091 2141 1278 2214 perpetuom

330 2230 489 2308 turbaret,
504 2233 536 2297 in
552 2232 661 2319 quiete
682 2253 742 2296 sua
755 2229 886 2295 dimisit.
931 2229 977 2294 Et
992 2227 1074 2294 forte
1089 2229 1115 2293 si
1130 2252 1183 2295 eos
1198 2229 1281 2296 bello

331 2329 446 2397 fuisset
460 2355 642 2419 aggressus,
656 2331 784 2396 minime
798 2329 1017 2416 prevaluisset
1031 2330 1184 2396 adversus
1194 2335 1282 2396 inno·

331 2445 449 2514 centes,
470 2457 508 2499 eo
529 2434 617 2519 quod
639 2433 819 2497 innocentia
841 2454 904 2496 uon
930 2431 1022 2496 t'acile
1047 2444 1227 2517 superatur,
1250 2445 1282 2498 et

335 2534 454 2600 veritas
474 2535 541 2602 suis
560 2536 680 2602 viribus
699 2546 860 2610 constans,
879 2533 920 2597 de
940 2532 1055 2598 militia
1076 2535 1284 2618 quantumvis

335 2647 458 2701 armata
480 2637 668 2723 triumphat.
712 2635 777 2703 sed
798 2633 875 2720 quia
897 2631 978 2697 nihil
999 2643 1047 2696 est
1073 2631 1161 2718 quod
1183 2634 1285 2719 magis

336 2733 517 2803 desiderent
538 2737 691 2813 homines,
713 2759 810 2823 quam
832 2745 870 2798 ut
892 2733 924 2798 in
949 2733 1042 2798 bonis
1063 2731 1127 2798 suis
1148 2732 1285 2800 habeant

338 2836 420 2902 lilios
433 2860 638 2912 successores,
655 2840 763 2925 utqui
781 2835 941 2922 propriam
956 2857 996 2899 ex
1011 2834 1192 2900 conditione
1206 2858 1287 2922 proe-

339 2937 450 3006 vident
469 2953 616 3018 mortem,
636 2940 668 3004 in
691 2937 867 3026 propagine
886 2937 989 3002 carnis
1009 2959 1075 3002 sure
1097 2948 1287 3024 perpetuent

338 3036 448 3104 vitam.
494 3043 566 3105 Hoc
585 3038 784 3126 principibus
802 3050 850 3102 est
872 3035 1074 3124 promissum,
1096 3036 1181 3102 unde
1199 3059 1289 3102 max·

340 3137 402 3204 ime
421 3155 556 3226 possunt
577 3141 618 3206 ad
637 3140 760 3208 cultum
777 3139 915 3227 justitiae
936 3139 1076 3204 invitari.
1121 3137 1288 3224 Contingit

339 3240 422 3306 enim
438 3243 563 3330 eosqui
578 3243 619 3308 de
633 3242 758 3330 seipsis
772 3241 874 3306 securi
894 3251 980 3321 sunt,
994 3239 1035 3304 de
1050 3251 1135 3306 statu
1151 3239 1288 3304 filiorum

335 3343 461 3429 jugiter
488 3367 555 3410 esse
581 3343 741 3409 sollicitos.
793 3344 834 3406 In
862 3364 964 3428 eoque
989 3340 1122 3404 nimium
1148 3340 1291 3406 caritatis

341 3445 421 3511 ordo
445 3458 601 3522 servatur,
616 3445 704 3532 quod
724 3463 875 3525 amorem,
895 3441 951 3528 qui
972 3441 1085 3528 patriae
1105 3442 1292 3528 perentibus

345 3543 507 3634 prae‘cipue
528 3548 718 3624 debebatur,
733 3559 825 3634 pater
839 3542 1034 3610 transfundit
1054 3542 1086 3606 in
1108 3542 1200 3619 lilios,
1215 3542 1292 3610 dum
1412 3588 1417 3598 -

344 3647 450 3712 filialis
464 3649 597 3716 affectus
610 3648 886 3737 petemipectoris
900 3644 1010 3710 cellam
1027 3642 1114 3708 solus
1133 3644 1292 3710 exhaurit.

347 3748 517 3834 condigna
541 3773 670 3838 quoqne
695 3749 764 3814 vioe
792 3746 985 3835 respondent
1014 3745 1201 3832 parentibus
1225 3746 1295 3828 lilii,

345 3852 482 3918 eundem
499 3853 565 3918 suis
584 3853 804 3941 impartientes
822 3850 983 3920 affectum,
999 3869 1063 3932 quo
1077 3870 1097 3910 a
1111 3849 1296 3932 parentibus

347 3953 468 4043 accepti
489 3969 575 4038 aunt,
589 3955 663 4022 lioet
682 3951 781 4019 alium
795 3950 938 4016 ordinem
955 3947 1064 4032 exigat
1081 3947 1196 4014 caritas
1209 3948 1297 4014 ordi·

349 4071 435 4134 nata,
446 4080 540 4144 quem
552 4071 719 4144 poetarum
734 4051 935 4118 doctissimus
947 4047 1121 4136 prudenter
1132 4050 1296 4136 expressit.

351 4160 462 4224 Senem
478 4181 616 4246 namque
630 4157 793 4224 Anchisen
808 4175 917 4218 eversa
931 4151 1029 4238 Troja
1043 4151 1075 4214 iu
1091 4150 1232 4216 humeris
1253 4152 1298 4240 pii

352 4261 409 4328 lilii
420 4262 595 4342 collocarit,
606 4261 749 4350 parentis
761 4259 875 4324 AEneoe
888 4255 1033 4320 dextram
1049 4254 1139 4320 dedit
1155 4255 1300 4334 Ascanio,

350 4377 383 4430 et
405 4366 519 4430 marito
539 4368 655 4450 conjux
672 4367 793 4431 Creusa
810 4355 953 4436 cohoesit,
969 4355 1217 4422 antecedentium
1241 4378 1300 4441 pro
