3425 5367
348 669 494 748 caran]
694 684 955 730 ronrcnarlcos.
1261 671 1303 727 18

347 834 495 912 donibus,
526 858 564 899 ne
594 835 644 901 cui
673 836 757 901 forte
786 836 872 901 intra
897 834 1054 919 gremium
1081 835 1148 899 cibi
1174 833 1300 919 aliquid

346 936 513 1002 desideret.
565 938 635 1001 Alii
665 941 760 1001 etiam
791 962 850 1023 per
877 936 1016 999 inediam
1043 936 1180 1011 hiantes,
1208 934 1300 997 velut

344 1038 446 1102 rabidi
475 1061 579 1117 canes,
607 1040 671 1103 hue
699 1053 800 1125 atque
828 1040 894 1103 huc
920 1038 1118 1113 serebantur,
1141 1049 1177 1100 et
1204 1038 1300 1123 quasi

343 1139 463 1203 insania
501 1139 641 1226 quadam
670 1140 837 1225 exagitati,
865 1141 900 1203 in
927 1138 1055 1203 easdem
1083 1137 1207 1215 domos,
1235 1136 1299 1199 sub

343 1255 504 1307 momento
519 1242 682 1326 temporis,
695 1242 813 1306 iterum
827 1264 866 1305 ac
876 1242 994 1326 saepius
1007 1240 1182 1304 irruebant.
1218 1240 1297 1302 Om-

342 1346 396 1408 nia
418 1356 525 1408 tamen
547 1343 717 1407 necessitas
739 1344 886 1407 vertebat
908 1343 942 1405 iu
966 1342 1086 1417 cibum,
1106 1341 1203 1405 etiam
1227 1339 1295 1416 illa,

343 1469 415 1531 quoe
440 1470 480 1509 ne
505 1444 603 1509 mutis
632 1445 762 1529 quidem
788 1443 978 1507 animalibus
999 1444 1094 1507 edere
1117 1465 1197 1506 usus
1221 1441 1295 1507 fuir.

342 1546 399 1609 Ad
421 1546 570 1610 ultimum
593 1568 634 1609 ne
657 1546 732 1610 loris
752 1546 897 1631 quidem,
910 1545 962 1607 vel
981 1545 1127 1629 cingulis,
1138 1558 1197 1607 aut
1217 1542 1297 1629 ipsis

341 1646 555 1711 calciamentis
564 1646 755 1711 abstinuere.
790 1648 961 1709 Scotorum
971 1646 1297 1731 quoqueindumenta

340 1748 555 1827 detrahentes,
577 1748 773 1813 conficienda
794 1747 947 1811 dentibus
966 1747 1164 1831 ingerebant
1207 1748 1296 1809 Non-

340 1849 420 1913 nulli
449 1862 481 1915 et
511 1849 589 1913 toeni
619 1849 735 1914 veteris
763 1850 903 1915 festucas
929 1849 1080 1926 edebant,
1105 1849 1162 1914 sed
1190 1862 1224 1912 et
1251 1847 1295 1911 de

338 1952 521 2039 quisquiliis
546 1951 687 2017 collectis
715 1953 939 2040 parvissimum
967 1953 1106 2038 pondus,
1131 1951 1294 2015 drachmis

337 2067 478 2141 quatuor
492 2054 722 2121 distrahebant.

336 2326 413 2413 Cap.
427 2334 457 2391 6.
480 2330 532 2395 De
541 2333 667 2407 Morio,
677 2352 763 2415 quae,
773 2334 1020 2417 argentosum,
1027 2333 1287 2416 corroditfilr‘um.

380 2462 449 2527 Suo
470 2464 549 2550 quid
574 2489 657 2553 opus
682 2480 730 2531 est
754 2488 812 2551 per
837 2465 907 2528 hac
930 2464 1058 2550 pondus
1081 2464 1175 2527 famis
1198 2465 1287 2530 illius

337 2563 512 2647 explicam
544 2590 642 2653 quum
657 2580 784 2653 gestum
806 2567 848 2630 sit
862 2567 909 2630 ibi
924 2567 1060 2642 facinus,
1073 2567 1163 2651 quod
1182 2589 1288 2651 neque

335 2666 423 2751 apud
450 2668 593 2746 Graeeos,
619 2692 723 2753 neque
749 2668 838 2752 apud
867 2668 1030 2746 barbaros,
1053 2667 1141 2729 ullus
1163 2669 1288 2751 aceepit

334 2768 489 2833 auditus?
526 2769 721 2833 horrendum
756 2768 889 2854 quidem
926 2768 1027 2847 dictu,
1056 2767 1172 2832 auditu
1209 2792 1287 2833 vero

334 2868 528 2933 incredibile.
574 2868 738 2955 Equidem
759 2870 897 2933 libenter
918 2882 982 2933 tam
1003 2868 1142 2931 immane
1161 2869 1287 2936 facinus

333 2970 501 3052 siluissem,
524 2994 563 3035 ne
584 2973 659 3057 quis
681 2994 731 3035 me
752 2970 894 3035 crederet
920 2984 1121 3035 monstruosa
1144 2995 1284 3049 narrare,

332 3073 393 3137 nisi
419 3072 536 3137 multos
561 3073 721 3138 memoriae
749 3086 867 3138 nostrae
892 3073 977 3137 viros
1004 3086 1102 3137 testes
1124 3075 1283 3139 commissi

330 3174 456 3241 sceleris
484 3176 675 3241 habuissem.
728 3178 830 3241 Porro
860 3198 936 3239 vero
971 3198 1013 3239 ne
1040 3176 1165 3263 aliquid
1200 3201 1282 3242 meae

331 3279 449 3342 Patriae
475 3290 627 3365 praestare
652 3302 702 3343 me
731 3278 880 3354 arbitrer,
905 3279 933 3341 η’
956 3279 1142 3343 mbtraham
1166 3299 1281 3342 eorum

329 3381 436 3462 verba,
458 3402 595 3468 quorum
623 3380 757 3466 pertulit
782 3381 880 3445 facta.
924 3380 1046 3444 Mulier
1068 3381 1219 3466 quaedam
1238 3404 1281 3444 ex

329 3480 389 3557 his,
405 3504 477 3567 qua
493 3482 578 3545 ultra
599 3481 749 3547 Jordanis
763 3482 893 3546 alveum
906 3482 1158 3557 commanebant,
1173 3481 1281 3545 Maria

328 3583 463 3659 nomine,
475 3582 620 3647 Eleazari
635 3583 711 3664 fllia,
721 3584 763 3648 de
778 3584 847 3649 rico
858 3585 1063 3661 Hebezohra,
1077 3584 1166 3669 quod
1181 3584 1279 3650 inter·

328 3696 473 3772 pretatur
494 3686 611 3750 domus
626 3688 737 3771 Ysopi,
750 3710 867 3773 genere
880 3701 914 3752 et
927 3688 1136 3753 facultatibus
1151 3688 1279 3769 nobilis,

326 3812 399 3853 cum
414 3785 539 3873 reliqua
553 3788 770 3865 multitudine,
781 3814 856 3876 quie
870 3789 1079 3869 confluxerat,
1094 3790 1279 3874 Hierosoly-

328 3892 387 3955 mis
416 3902 552 3976 reperta,
580 3914 780 3955 communem
818 3915 892 3955 cum
920 3892 1069 3956 omnibus
1103 3890 1278 3955 obsidionis

326 4014 431 4057 casum
457 3992 590 4057 serebat.
636 3994 746 4079 Hujus
774 3993 915 4079 reliquas
941 3994 1072 4079 quidem
1098 3991 1278 4070 facultates,

326 4114 406 4179 quos
427 4094 523 4159 dumo
538 4093 569 4157 iu
586 4095 699 4159 urbem
714 4108 917 4167 convexerat,
931 4094 1060 4181 tyranni
1081 4096 1234 4167 invasere,
1249 4094 1275 4156 si

325 4196 403 4281 quid
421 4220 494 4261 voro
516 4196 722 4282 reliquiarum
739 4220 781 4261 ex
805 4196 929 4279 magnis
941 4197 1059 4281 opibus
1072 4196 1188 4267 suerat,
1203 4195 1276 4279 qui·

326 4300 387 4365 bus
399 4300 516 4366 victum
533 4300 754 4385 quotidianum
768 4312 953 4385 pertenuem
965 4298 1108 4375 duceret,
1118 4297 1276 4359 irruentes
