3425 5367
443 681 506 740 398
704 693 840 737 scaurus
856 692 1132 739 saansanarnnsrs
1262 679 1343 759 [nra.
1361 696 1391 742 v.

442 844 552 905 rabilis
568 844 680 908 doctor
694 846 726 907 in
743 846 813 925 lege
840 843 984 919 Domini,
1002 844 1106 908 dicere
1123 858 1342 923 consueverat,
1357 848 1392 910 in

443 968 575 1029 quorum
608 946 754 1009 manibus
787 946 970 1029 iniquitates
1004 956 1089 1020 sunt,
1116 946 1248 1009 dextera
1282 968 1391 1011 eorum

442 1048 563 1129 repleta
592 1057 641 1109 est
672 1044 878 1110 muneribus?
925 1046 1158 1109 Felieissimum
1191 1068 1297 1127 regem
1327 1049 1393 1109 An·

444 1147 579 1227 glorum,
610 1158 643 1209 et
673 1146 891 1220 Normannire,
926 1154 957 1207 et
987 1145 1167 1233 Aquitania
1203 1146 1307 1209 adhuc
1344 1146 1393 1208 in·

443 1248 650 1309 victissimum
677 1246 803 1323 ducem,
829 1246 1002 1325 interroga,
1030 1244 1110 1329 quid
1139 1246 1234 1309 etiam
1260 1246 1300 1308 de
1326 1247 1393 1309 suis

442 1347 567 1425 sentiat,
582 1369 663 1431 quos
688 1346 832 1420 intrudit,
859 1357 892 1409 et
917 1344 1013 1422 dicet,
1039 1356 1075 1409 ut
1101 1347 1224 1429 opinor,
1249 1348 1324 1410 Non
1345 1357 1394 1409 est

444 1450 562 1511 malum
577 1450 610 1511 in
626 1451 722 1527 clero,
739 1447 827 1531 quod
838 1448 890 1511 isti
902 1469 965 1509 non
984 1447 1112 1511 faciant.
1156 1448 1393 1531 Episcoporum

444 1570 561 1611 nomen
578 1560 611 1611 et
624 1549 765 1611 officium
780 1547 958 1609 venerabile
974 1556 1033 1623 est,
1048 1547 1075 1609 si
1098 1558 1187 1611 tanta
1211 1548 1396 1629 impleretur

446 1647 673 1727 sollicitudine,
687 1660 808 1733 quanta
821 1646 982 1709 interdum
998 1647 1115 1730 petitur
1129 1647 1312 1709 ambitione.
1350 1648 1396 1709 Et

446 1750 651 1832 diligerentur
678 1759 714 1812 ut
735 1759 852 1832 patres,
876 1748 1062 1810 timerentur
1087 1760 1122 1810 ut
1147 1747 1280 1825 domini,
1311 1745 1397 1811 cole·

445 1863 554 1914 rentur
576 1865 612 1918 ut
634 1852 746 1928 sancti,
769 1851 797 1913 si
820 1850 1043 1912 exactionibus
1066 1860 1244 1932 parcerent,
1267 1860 1300 1912 et
1322 1870 1396 1932 pro·

443 1953 581 2035 jicerent
595 1974 637 2015 ex
654 1952 760 2015 animo
775 1950 930 2034 quicquid
945 1952 1092 2033 provenit
1112 1972 1153 2013 ex
1178 1950 1348 2025 calumnia,
1365 1960 1398 2012 et

447 2074 574 2117 omnem
591 2063 748 2134 quaestum
763 2047 894 2113 minime
910 2048 1076 2111 crederent
1091 2050 1251 2133 pietatem.
1293 2048 1398 2112 Caete-

445 2174 516 2215 rum
542 2153 605 2213 sibi
630 2150 841 2217 reverentiam
869 2150 1059 2212 subtrahunt
1083 2160 1116 2213 et
1141 2171 1292 2225 amorem,
1320 2152 1396 2214 dum

445 2253 581 2315 honores
595 2251 752 2329 ambiunt,
765 2250 935 2333 pecuniam
960 2251 1105 2334 cupiunt,
1128 2262 1160 2314 et
1184 2252 1233 2313 vel
1257 2273 1330 2315 suas
1354 2253 1399 2315 sa·

446 2354 547 2431 ciunt,
573 2354 621 2415 vel
656 2354 776 2415 alienas
802 2352 978 2414 calumnias
1015 2352 1132 2415 fovent.
1186 2354 1232 2415 Et
1266 2351 1397 2435 quidem

446 2454 558 2517 nescio
581 2452 744 2537 quomodo
767 2461 876 2515 notam
900 2465 933 2515 et
956 2474 1085 2535 poenam
1110 2474 1237 2515 omnem
1261 2454 1399 2517 evadant

448 2554 507 2637 qui
532 2553 735 2617 exactionem
762 2553 860 2616 totius
883 2552 1071 2615 calumniosi
1105 2567 1244 2637 quaestus
1270 2554 1333 2618 sibi
1357 2554 1399 2617 ad

447 2655 553 2717 minus
578 2656 702 2717 bessem
721 2654 903 2717 vendicant.
947 2656 1033 2715 Nam
1057 2664 1113 2717 aut
1139 2654 1276 2717 solidum
1297 2676 1398 2719 assem

448 2765 603 2837 usurpant
627 2755 700 2831 sibi,
715 2765 770 2817 aut
793 2765 828 2815 ut
849 2756 997 2828 multum,
1015 2754 1160 2819 trientem
1177 2755 1336 2819 duntaxat
1350 2778 1397 2819 ar·

449 2854 647 2919 chidiaconis
673 2866 705 2917 et
728 2855 800 2917 aliis
826 2855 1028 2933 officialibus
1051 2876 1092 2918 ne
1116 2853 1221 2919 dicam
1246 2878 1319 2919 cum
1342 2878 1397 2939 po-

449 2958 528 3040 pulo
550 2956 705 3019 ministris
729 2956 918 3039 iniquitatis,
944 2956 1073 3019 cedunt.
1129 2957 1193 3019 Sed
1217 2978 1276 3019 nec
1301 2958 1402 3037 legati

451 3056 537 3119 sedis
566 3056 765 3140 apostolicae,
794 3077 907 3119 marrus
941 3078 1014 3120 suas
1044 3057 1211 3121 excutiunt
1243 3059 1284 3121 ab
1314 3060 1401 3120 omni

450 3178 591 3234 munere,
606 3157 662 3240 qui
676 3156 836 3219 interdum
851 3159 885 3221 in
901 3159 1076 3241 provinciis
1090 3160 1135 3222 ita
1153 3159 1401 3237 debacchantur,

451 3278 489 3323 ac
506 3259 533 3321 si
547 3257 590 3321 ad
611 3257 780 3322 ecclesiam
802 3256 1028 3339 flagellandam
1050 3280 1196 3339 egressus
1218 3258 1260 3323 sit
1281 3258 1401 3322 Satban

453 3359 571 3425 afacie
586 3359 731 3423 Domini.
778 3360 977 3425 Concutiunt
991 3362 1125 3441 angulos
1139 3360 1264 3437 domus,
1279 3371 1314 3421 ut
1328 3380 1401 3441 pro·

453 3471 595 3525 sternant
608 3460 694 3525 filios
708 3472 741 3524 et
758 3461 842 3524 filias
856 3459 937 3543 ejus,
953 3462 1008 3543 qui
1031 3462 1199 3543 languores
1222 3475 1253 3525 et
1275 3462 1402 3524 dolores
1456 3539 1458 3541 Ι

453 3563 629 3625 animarum
657 3564 779 3624 curavit
802 3562 836 3622 in
864 3581 970 3623 eruce.
1026 3561 1237 3626 Commoveat
1268 3572 1300 3625 et
1325 3583 1402 3624 con·

452 3662 583 3726 turbant
608 3669 735 3733 terram,
774 3670 809 3721 ut
834 3658 1001 3721 videantur
1031 3660 1149 3724 habere
1176 3664 1264 3745 quod
1299 3663 1404 3727 sanari

452 3768 605 3846 oporteat.
663 3760 730 3823 Hic
755 3771 861 3822 tamen
885 3780 949 3822 non
974 3758 1014 3822 de
1041 3762 1190 3824 omnibus
1214 3784 1316 3825 sermo
1343 3774 1403 3837 est,

457 3862 513 3927 sed
527 3861 568 3925 de
583 3862 635 3925 his
651 3862 707 3946 qui
732 3863 831 3945 patris
857 3862 1019 3924 voluntate
1045 3870 1238 3944 contempta,
1265 3863 1405 3925 serviunt

456 3983 532 4024 suae.
588 3962 724 4026 Constat
754 3961 840 4024 enim
866 3962 940 4044 quia
970 3962 1004 4023 in
1034 3962 1120 4023 omni
1155 3962 1261 4023 officio
1291 3960 1406 4024 domus

457 4061 590 4137 domini,
605 4063 651 4125 sic
666 4062 886 4143 relinquuntur
902 4060 1041 4142 quidam,
1056 4072 1091 4123 ut
1115 4060 1169 4123 alii
1195 4047 1413 4125 assumantur(

456 4160 534 4223 Vidi
549 4183 610 4241 ego
625 4162 754 4244 ipsein
770 4162 919 4224 omnibus
944 4161 1005 4239 his,
1032 4160 1172 4225 decanos
1197 4162 1330 4239 scilicet,
1356 4184 1404 4225 ar-

456 4262 675 4342 chidiaconos,
689 4263 872 4345 episcopos,
895 4274 926 4325 et
940 4262 1072 4343 legatos,
1089 4274 1176 4329 tanta
1201 4262 1403 4329 solicitudine
