3425 5367
450 1243 643 1315 Jonnms
666 1238 1058 1327 saansauamusls

372 1423 1148 1517 POLYORATIOUa

732 1636 789 1669 alvu

302 1790 346 1839 Du
365 1788 465 1839 NUGIS
483 1786 671 1837 CUBIALIUM
687 1778 728 1835 ET
744 1778 906 1833 VESTIGIIS
924 1770 1213 1831 PHILOSOPHORUM.

340 2148 493 2204 INCIPIT
513 2146 768 2202 ENTHETIGUS
787 2144 832 2198 IN
852 2141 1178 2197 POLYCRATICUM.

576 2315 688 2378 Auctor
702 2315 745 2377 ud
756 2336 828 2398 opus
842 2335 938 2376 suum,

286 2446 322 2512 Si
339 2446 416 2511 mihi
432 2446 614 2528 credideris,
629 2446 771 2531 linguam
788 2445 962 2520 cohibebis,
978 2454 1012 2508 et
1026 2440 1110 2508 aulae

328 2547 456 2614 Limina
471 2570 533 2613 non
550 2548 649 2613 intret
663 2570 719 2635 pes
733 2560 825 2613 tuus:
849 2560 916 2613 esto
930 2548 1029 2612 domi.
1180 2545 1185 2553 ’

285 2652 442 2736 Aspectus
457 2648 625 2713 hominum
640 2660 752 2713 cautus
766 2649 869 2713 vitare
885 2659 1058 2722 memento,
1149 2644 1180 2738 f

328 2750 372 2813 Et
385 2749 446 2813 tibi
461 2748 645 2812 commissas
659 2748 773 2811 claude
787 2746 898 2810 libelle
912 2758 1013 2811 notas.

285 2848 407 2915 Omnia
421 2846 486 2911 sint
500 2856 646 2930 suspecta
661 2845 731 2922 tibi,
748 2845 823 2931 quia
838 2844 985 2931 publicus
999 2843 1097 2909 hostis

327 2950 372 3015 Et
386 2946 563 3033 majestatis
577 2946 692 3011 diceris
707 2970 775 3013 esse
791 2970 873 3014 rcus.

282 3051 370 3138 Ignis
384 3050 480 3131 edax,
493 3049 682 3136 gladiusque
697 3049 785 3115 ferox
799 3049 859 3115 tibi
874 3049 955 3114 sorte
970 3060 1138 3135 parantur:

327 3156 396 3219 Aut
410 3163 442 3218 te
458 3152 580 3239 polluta
594 3152 726 3217 subruet
740 3152 839 3218 hostis
854 3174 949 3239 aqua.

286 3258 396 3335 Quum
412 3267 521 3320 mmen
537 3254 661 3331 exieris,
677 3254 792 3319 faciem
806 3254 927 3320 velabit
940 3252 1085 3329 amictus,

328 3357 585 3443 Deformentquc
601 3368 689 3419 tuam
705 3355 810 3441 pulvis
824 3367 859 3418 et
872 3376 950 3419 aura
963 3365 1084 3429 cutem,

285 3460 408 3526 Dextra
422 3460 504 3525 ferat
518 3458 651 3542 virgam,
668 3468 793 3543 premat
807 3466 841 3522 et
855 3478 914 3521 sua
928 3456 1067 3520 mantica
1081 3455 1228 3520 dorsum:

326 3562 420 3627 Trita
433 3572 544 3647 tegant
559 3560 697 3625 frontem
713 3560 807 3646 pilea,
823 3580 900 3645 pero
916 3558 1042 3644 pedem.

286 3664 335 3729 Sit
348 3663 465 3749 gradus
480 3674 515 3729 et
529 3661 643 3739 cultus,
659 3662 787 3727 habitus
800 3662 987 3748 peregrinus
1000 3661 1101 3737 eunti,

328 3766 402 3831 Non
418 3764 478 3831 nisi
492 3763 672 3829 barbariem
689 3764 824 3829 barbara
838 3763 948 3848 lingua
962 3775 1062 3828 sonet.

286 3867 338 3933 De
355 3867 558 3935 Pictavorum
573 3865 660 3931 dicas
674 3876 706 3931 ta
721 3878 817 3951 gente
833 3875 987 3943 creatum,

330 3970 415 4036 Nam
430 3970 506 4035 licet
520 3968 569 4033 his
583 3968 693 4053 lingua
707 3968 854 4035 liberiore
869 3968 967 4055 loqui.
1097 3977 1113 4027 γ’

272 4071 491 4159 -Hospitiique
507 4069 604 4135 fidem
619 4088 744 4157 quoeras
758 4070 985 4156 superomnia,
1001 4092 1066 4157 quo
1080 4068 1122 4136 sis

329 4174 434 4241 Tutus
448 4173 489 4239 ab
504 4172 637 4253 insidiis,
653 4197 732 4261 quas
746 4172 806 4239 tibi
820 4174 955 4261 quisque
969 4186 1070 4258 parat.

288 4273 418 4357 Stultos,
432 4272 606 4360 prudentes
620 4274 766 4353 nimium,
780 4297 957 4362 parvosque
972 4275 1109 4357 cavebis,

331 4374 375 4439 Et
388 4396 468 4461 quos
481 4373 623 4459 insigues
636 4375 764 4460 garrula
777 4375 889 4459 lingua
902 4374 986 4440 iacit.

329 4496 400 4543 vot.
418 4498 468 4543 111.
750 4498 771 4541 a
