<?xml version="1.0" encoding="UTF-8"?>
<!DOCTYPE html PUBLIC "-//W3C//DTD XHTML 1.0 Transitional//EN"
    "http://www.w3.org/TR/xhtml1/DTD/xhtml1-transitional.dtd">
<html xmlns="http://www.w3.org/1999/xhtml" xml:lang="en" lang="en">
 <head>
  <title>
</title>
<meta http-equiv="Content-Type" content="text/html;charset=utf-8" />
  <meta name='ocr-system' content='tesseract 3.04.00' />
  <meta name='ocr-capabilities' content='ocr_page ocr_carea ocr_par ocr_line ocrx_word'/>
</head>
<body>
  <div class='ocr_page' id='page_1' title='image "./operaomnianuncp04johngoog_0236.png"; bbox 0 0 3425 5367; ppageno 0'>
   <div class='ocr_carea' id='block_1_1' title="bbox 289 716 1235 794">
    <p class='ocr_par' dir='ltr' id='par_1_1' title="bbox 289 716 1235 794">
     <span class='ocr_line' id='line_1_1' title="bbox 289 716 1235 794; baseline 0.003 -21"><span class='ocrx_word' id='word_1_1' title='bbox 289 731 359 778; x_wconf 75' lang='lat' dir='ltr'>ose.</span> <span class='ocrx_word' id='word_1_2' title='bbox 376 716 444 794; x_wconf 79' lang='lat' dir='ltr'>un]</span> <span class='ocrx_word' id='word_1_3' title='bbox 624 729 878 774; x_wconf 77' lang='lat' dir='ltr'>eomcnsctcus</span> <span class='ocrx_word' id='word_1_4' title='bbox 1172 719 1235 776; x_wconf 66' lang='lat'>225</span> 
     </span>
    </p>
   </div>
   <div class='ocr_carea' id='block_1_2' title="bbox 274 871 1240 4011">
    <p class='ocr_par' dir='ltr' id='par_1_2' title="bbox 274 871 1240 4011">
     <span class='ocr_line' id='line_1_2' title="bbox 287 871 1239 967; baseline 0.003 -24"><span class='ocrx_word' id='word_1_5' title='bbox 287 881 430 946; x_wconf 90' lang='lat' dir='ltr'>nonnihil</span> <span class='ocrx_word' id='word_1_6' title='bbox 447 871 560 946; x_wconf 83' lang='lat' dir='ltr'>taluen.</span> <span class='ocrx_word' id='word_1_7' title='bbox 595 881 800 967; x_wconf 84' lang='lat' dir='ltr'>Sapientibus</span> <span class='ocrx_word' id='word_1_8' title='bbox 814 904 891 965; x_wconf 81' lang='lat' dir='ltr'>ergo</span> <span class='ocrx_word' id='word_1_9' title='bbox 905 895 937 944; x_wconf 91' lang='lat' dir='ltr'>et</span> <span class='ocrx_word' id='word_1_10' title='bbox 952 881 1174 965; x_wconf 79' lang='lat' dir='ltr'>insipientibus</span> <span class='ocrx_word' id='word_1_11' title='bbox 1185 882 1239 946; x_wconf 93' lang='lat' dir='ltr'>de-</span> 
     </span>
     <span class='ocr_line' id='line_1_3' title="bbox 285 982 1240 1069; baseline 0.001 -23"><span class='ocrx_word' id='word_1_12' title='bbox 285 982 371 1048; x_wconf 88' lang='lat' dir='ltr'>bitor</span> <span class='ocrx_word' id='word_1_13' title='bbox 385 998 444 1059; x_wconf 90' lang='lat' dir='ltr'>est,</span> <span class='ocrx_word' id='word_1_14' title='bbox 456 983 578 1069; x_wconf 80' lang='lat' dir='ltr'>pusillis</span> <span class='ocrx_word' id='word_1_15' title='bbox 592 997 624 1047; x_wconf 92' lang='lat' dir='ltr'>et</span> <span class='ocrx_word' id='word_1_16' title='bbox 635 983 819 1069; x_wconf 83' lang='lat' dir='ltr'>majoribus.</span> <span class='ocrx_word' id='word_1_17' title='bbox 850 987 932 1057; x_wconf 80' lang='lat' dir='ltr'>Quae</span> <span class='ocrx_word' id='word_1_18' title='bbox 945 983 1074 1068; x_wconf 89' lang='lat' dir='ltr'>quidem</span> <span class='ocrx_word' id='word_1_19' title='bbox 1087 982 1240 1069; x_wconf 78' lang='lat' dir='ltr'>inspectio</span> 
     </span>
     <span class='ocr_line' id='line_1_4' title="bbox 274 1077 1240 1169; baseline 0.001 -23"><span class='ocrx_word' id='word_1_20' title='bbox 274 1077 462 1147; x_wconf 58' lang='lat' dir='ltr'>&#39;communis</span> <span class='ocrx_word' id='word_1_21' title='bbox 487 1096 535 1147; x_wconf 91' lang='lat' dir='ltr'>est</span> <span class='ocrx_word' id='word_1_22' title='bbox 563 1083 705 1147; x_wconf 90' lang='lat' dir='ltr'>omnium</span> <span class='ocrx_word' id='word_1_23' title='bbox 735 1081 953 1167; x_wconf 85' lang='lat' dir='ltr'>praelatotum,</span> <span class='ocrx_word' id='word_1_24' title='bbox 979 1098 1011 1146; x_wconf 91' lang='lat' dir='ltr'>et</span> <span class='ocrx_word' id='word_1_25' title='bbox 1041 1106 1152 1146; x_wconf 85' lang='lat' dir='ltr'>eorum</span> <span class='ocrx_word' id='word_1_26' title='bbox 1183 1085 1240 1169; x_wconf 93' lang='lat' dir='ltr'>qui</span> 
     </span>
     <span class='ocr_line' id='line_1_5' title="bbox 284 1184 1239 1270; baseline 0 -22"><span class='ocrx_word' id='word_1_27' title='bbox 284 1184 497 1269; x_wconf 81' lang='lat' dir='ltr'>spiritualium</span> <span class='ocrx_word' id='word_1_28' title='bbox 519 1208 628 1250; x_wconf 84' lang='lat' dir='ltr'>curam</span> <span class='ocrx_word' id='word_1_29' title='bbox 650 1196 778 1270; x_wconf 80' lang='lat' dir='ltr'>gerunt,</span> <span class='ocrx_word' id='word_1_30' title='bbox 804 1186 915 1270; x_wconf 86' lang='lat' dir='ltr'>etqui</span> <span class='ocrx_word' id='word_1_31' title='bbox 938 1185 1120 1249; x_wconf 75' lang='lat' dir='ltr'>saecularem</span> <span class='ocrx_word' id='word_1_32' title='bbox 1138 1187 1239 1270; x_wconf 86' lang='lat' dir='ltr'>juris·</span> 
     </span>
     <span class='ocr_line' id='line_1_6' title="bbox 281 1286 1235 1373; baseline 0 -23"><span class='ocrx_word' id='word_1_33' title='bbox 281 1287 453 1352; x_wconf 91' lang='lat' dir='ltr'>dictionem</span> <span class='ocrx_word' id='word_1_34' title='bbox 474 1303 630 1352; x_wconf 85' lang='lat' dir='ltr'>exercent.</span> <span class='ocrx_word' id='word_1_35' title='bbox 684 1287 781 1350; x_wconf 87' lang='lat' dir='ltr'>Unde</span> <span class='ocrx_word' id='word_1_36' title='bbox 803 1300 836 1350; x_wconf 86' lang='lat' dir='ltr'>et</span> <span class='ocrx_word' id='word_1_37' title='bbox 868 1286 1115 1363; x_wconf 87' lang='lat' dir='ltr'>Melchisedech,</span> <span class='ocrx_word' id='word_1_38' title='bbox 1139 1311 1235 1373; x_wconf 91' lang='lat' dir='ltr'>quem</span> 
     </span>
     <span class='ocr_line' id='line_1_7' title="bbox 283 1388 1237 1476; baseline 0.001 -23"><span class='ocrx_word' id='word_1_39' title='bbox 283 1389 421 1474; x_wconf 90' lang='lat' dir='ltr'>primum</span> <span class='ocrx_word' id='word_1_40' title='bbox 438 1388 595 1476; x_wconf 87' lang='lat' dir='ltr'>scriptura</span> <span class='ocrx_word' id='word_1_41' title='bbox 609 1411 714 1472; x_wconf 78' lang='lat' dir='ltr'>regem</span> <span class='ocrx_word' id='word_1_42' title='bbox 737 1388 912 1453; x_wconf 86' lang='lat' dir='ltr'>introducit</span> <span class='ocrx_word' id='word_1_43' title='bbox 929 1401 961 1452; x_wconf 90' lang='lat' dir='ltr'>et</span> <span class='ocrx_word' id='word_1_44' title='bbox 979 1389 1183 1464; x_wconf 82' lang='lat' dir='ltr'>sacerdotem,</span> <span class='ocrx_word' id='word_1_45' title='bbox 1201 1408 1237 1455; x_wconf 93' lang='lat' dir='ltr'>ut</span> 
     </span>
     <span class='ocr_line' id='line_1_8' title="bbox 284 1488 1238 1574; baseline 0.004 -22"><span class='ocrx_word' id='word_1_46' title='bbox 284 1489 325 1552; x_wconf 86' lang='lat' dir='ltr'>sd</span> <span class='ocrx_word' id='word_1_47' title='bbox 341 1512 481 1574; x_wconf 81' lang='lat' dir='ltr'>praesens</span> <span class='ocrx_word' id='word_1_48' title='bbox 492 1488 677 1573; x_wconf 83' lang='lat' dir='ltr'>mysterium</span> <span class='ocrx_word' id='word_1_49' title='bbox 691 1501 843 1566; x_wconf 82' lang='lat' dir='ltr'>taceatur,</span> <span class='ocrx_word' id='word_1_50' title='bbox 853 1511 920 1574; x_wconf 92' lang='lat' dir='ltr'>quo</span> <span class='ocrx_word' id='word_1_51' title='bbox 930 1489 1116 1574; x_wconf 81' lang='lat' dir='ltr'>praefigurat</span> <span class='ocrx_word' id='word_1_52' title='bbox 1129 1492 1238 1557; x_wconf 84' lang='lat' dir='ltr'>Chris·</span> 
     </span>
     <span class='ocr_line' id='line_1_9' title="bbox 285 1589 1239 1678; baseline 0.002 -24"><span class='ocrx_word' id='word_1_53' title='bbox 285 1605 367 1666; x_wconf 90' lang='lat' dir='ltr'>tum,</span> <span class='ocrx_word' id='word_1_54' title='bbox 383 1590 438 1675; x_wconf 92' lang='lat' dir='ltr'>qui</span> <span class='ocrx_word' id='word_1_55' title='bbox 458 1591 490 1653; x_wconf 92' lang='lat' dir='ltr'>in</span> <span class='ocrx_word' id='word_1_56' title='bbox 511 1589 599 1652; x_wconf 88' lang='lat' dir='ltr'>coelis</span> <span class='ocrx_word' id='word_1_57' title='bbox 621 1589 687 1652; x_wconf 87' lang='lat' dir='ltr'>siue</span> <span class='ocrx_word' id='word_1_58' title='bbox 709 1603 822 1669; x_wconf 86' lang='lat' dir='ltr'>matre,</span> <span class='ocrx_word' id='word_1_59' title='bbox 836 1603 868 1653; x_wconf 92' lang='lat' dir='ltr'>et</span> <span class='ocrx_word' id='word_1_60' title='bbox 891 1591 924 1653; x_wconf 90' lang='lat' dir='ltr'>in</span> <span class='ocrx_word' id='word_1_61' title='bbox 948 1591 1039 1654; x_wconf 85' lang='lat' dir='ltr'>terris</span> <span class='ocrx_word' id='word_1_62' title='bbox 1062 1592 1127 1654; x_wconf 90' lang='lat' dir='ltr'>sine</span> <span class='ocrx_word' id='word_1_63' title='bbox 1149 1607 1239 1678; x_wconf 87' lang='lat' dir='ltr'>patre</span> 
     </span>
     <span class='ocr_line' id='line_1_10' title="bbox 283 1691 1239 1778; baseline 0.003 -23"><span class='ocrx_word' id='word_1_64' title='bbox 283 1705 456 1757; x_wconf 82' lang='lat' dir='ltr'>natusest:</span> <span class='ocrx_word' id='word_1_65' title='bbox 480 1691 543 1767; x_wconf 91' lang='lat' dir='ltr'>ille,</span> <span class='ocrx_word' id='word_1_66' title='bbox 553 1691 695 1776; x_wconf 85' lang='lat' dir='ltr'>iuquam,</span> <span class='ocrx_word' id='word_1_67' title='bbox 706 1713 763 1754; x_wconf 92' lang='lat' dir='ltr'>nec</span> <span class='ocrx_word' id='word_1_68' title='bbox 775 1705 896 1776; x_wconf 83' lang='lat' dir='ltr'>patrem</span> <span class='ocrx_word' id='word_1_69' title='bbox 908 1715 964 1756; x_wconf 91' lang='lat' dir='ltr'>nec</span> <span class='ocrx_word' id='word_1_70' title='bbox 977 1707 1107 1758; x_wconf 83' lang='lat' dir='ltr'>matrem</span> <span class='ocrx_word' id='word_1_71' title='bbox 1119 1694 1239 1778; x_wconf 82' lang='lat' dir='ltr'>legitur</span> 
     </span>
     <span class='ocr_line' id='line_1_11' title="bbox 284 1793 1236 1881; baseline 0.002 -23"><span class='ocrx_word' id='word_1_72' title='bbox 284 1795 442 1870; x_wconf 77' lang='lat' dir='ltr'>habuisse,</span> <span class='ocrx_word' id='word_1_73' title='bbox 454 1817 517 1859; x_wconf 90' lang='lat' dir='ltr'>non</span> <span class='ocrx_word' id='word_1_74' title='bbox 533 1793 622 1878; x_wconf 91' lang='lat' dir='ltr'>quod</span> <span class='ocrx_word' id='word_1_75' title='bbox 639 1811 776 1878; x_wconf 84' lang='lat' dir='ltr'>utroque</span> <span class='ocrx_word' id='word_1_76' title='bbox 787 1794 936 1868; x_wconf 79' lang='lat' dir='ltr'>caruerit,</span> <span class='ocrx_word' id='word_1_77' title='bbox 947 1793 1001 1858; x_wconf 87' lang='lat' dir='ltr'>sed</span> <span class='ocrx_word' id='word_1_78' title='bbox 1015 1795 1092 1881; x_wconf 87' lang='lat' dir='ltr'>quia</span> <span class='ocrx_word' id='word_1_79' title='bbox 1101 1817 1236 1880; x_wconf 84' lang='lat' dir='ltr'>regnum</span> 
     </span>
     <span class='ocr_line' id='line_1_12' title="bbox 284 1893 1237 1980; baseline -0.001 -19"><span class='ocrx_word' id='word_1_80' title='bbox 284 1915 317 1961; x_wconf 90' lang='lat' dir='ltr'>et</span> <span class='ocrx_word' id='word_1_81' title='bbox 332 1895 542 1960; x_wconf 86' lang='lat' dir='ltr'>sacerdotium</span> <span class='ocrx_word' id='word_1_82' title='bbox 554 1893 594 1956; x_wconf 93' lang='lat' dir='ltr'>de</span> <span class='ocrx_word' id='word_1_83' title='bbox 609 1894 731 1958; x_wconf 83' lang='lat' dir='ltr'>ratione</span> <span class='ocrx_word' id='word_1_84' title='bbox 745 1916 807 1958; x_wconf 91' lang='lat' dir='ltr'>non</span> <span class='ocrx_word' id='word_1_85' title='bbox 820 1896 950 1980; x_wconf 84' lang='lat' dir='ltr'>pariunt</span> <span class='ocrx_word' id='word_1_86' title='bbox 966 1918 1039 1959; x_wconf 91' lang='lat' dir='ltr'>caro</span> <span class='ocrx_word' id='word_1_87' title='bbox 1050 1909 1082 1959; x_wconf 88' lang='lat' dir='ltr'>et</span> <span class='ocrx_word' id='word_1_88' title='bbox 1097 1897 1237 1980; x_wconf 87' lang='lat' dir='ltr'>sanguis,</span> 
     </span>
     <span class='ocr_line' id='line_1_13' title="bbox 283 1995 1238 2086; baseline 0 -24"><span class='ocrx_word' id='word_1_89' title='bbox 283 1995 1238 2086; x_wconf 82' lang='lat' dir='ltr'>quumiualterutrocreandopetentumrespectuscitravir·</span> 
     </span>
     <span class='ocr_line' id='line_1_14' title="bbox 284 2098 1238 2186; baseline -0.003 -19"><span class='ocrx_word' id='word_1_90' title='bbox 284 2115 392 2167; x_wconf 84' lang='lat' dir='ltr'>tutum</span> <span class='ocrx_word' id='word_1_91' title='bbox 410 2105 522 2165; x_wconf 80' lang='lat' dir='ltr'>merita</span> <span class='ocrx_word' id='word_1_92' title='bbox 535 2099 708 2186; x_wconf 83' lang='lat' dir='ltr'>praesslere</span> <span class='ocrx_word' id='word_1_93' title='bbox 723 2121 785 2162; x_wconf 88' lang='lat' dir='ltr'>non</span> <span class='ocrx_word' id='word_1_94' title='bbox 801 2098 927 2177; x_wconf 87' lang='lat' dir='ltr'>debeat,</span> <span class='ocrx_word' id='word_1_95' title='bbox 938 2098 992 2164; x_wconf 88' lang='lat' dir='ltr'>sed</span> <span class='ocrx_word' id='word_1_96' title='bbox 1009 2101 1149 2164; x_wconf 86' lang='lat' dir='ltr'>salubria</span> <span class='ocrx_word' id='word_1_97' title='bbox 1164 2102 1238 2164; x_wconf 86' lang='lat' dir='ltr'>sub·</span> 
     </span>
     <span class='ocr_line' id='line_1_15' title="bbox 278 2199 1238 2290; baseline -0.003 -22"><span class='ocrx_word' id='word_1_98' title='bbox 278 2204 437 2290; x_wconf 86' lang='lat' dir='ltr'>jectorum</span> <span class='ocrx_word' id='word_1_99' title='bbox 453 2200 594 2265; x_wconf 86' lang='lat' dir='ltr'>fidelium</span> <span class='ocrx_word' id='word_1_100' title='bbox 610 2215 705 2274; x_wconf 78' lang='lat' dir='ltr'>vots3</span> <span class='ocrx_word' id='word_1_101' title='bbox 728 2213 761 2265; x_wconf 89' lang='lat' dir='ltr'>et</span> <span class='ocrx_word' id='word_1_102' title='bbox 777 2223 878 2286; x_wconf 91' lang='lat' dir='ltr'>quum</span> <span class='ocrx_word' id='word_1_103' title='bbox 894 2199 1076 2266; x_wconf 85' lang='lat' dir='ltr'>alterutrius</span> <span class='ocrx_word' id='word_1_104' title='bbox 1091 2201 1238 2266; x_wconf 88' lang='lat' dir='ltr'>culminis</span> 
     </span>
     <span class='ocr_line' id='line_1_16' title="bbox 283 2302 1236 2391; baseline -0.003 -22"><span class='ocrx_word' id='word_1_105' title='bbox 283 2305 403 2391; x_wconf 80' lang='lat' dir='ltr'>apicem</span> <span class='ocrx_word' id='word_1_106' title='bbox 417 2303 555 2389; x_wconf 88' lang='lat' dir='ltr'>quisque</span> <span class='ocrx_word' id='word_1_107' title='bbox 569 2302 797 2378; x_wconf 87' lang='lat' dir='ltr'>conscenderit,</span> <span class='ocrx_word' id='word_1_108' title='bbox 812 2302 956 2366; x_wconf 90' lang='lat' dir='ltr'>oblivisci</span> <span class='ocrx_word' id='word_1_109' title='bbox 976 2303 1071 2367; x_wconf 90' lang='lat' dir='ltr'>debet</span> <span class='ocrx_word' id='word_1_110' title='bbox 1087 2305 1236 2368; x_wconf 87' lang='lat' dir='ltr'>affectum</span> 
     </span>
     <span class='ocr_line' id='line_1_17' title="bbox 282 2402 1237 2488; baseline -0.002 -17"><span class='ocrx_word' id='word_1_111' title='bbox 282 2407 396 2486; x_wconf 87' lang='lat' dir='ltr'>caruis,</span> <span class='ocrx_word' id='word_1_112' title='bbox 418 2421 449 2470; x_wconf 91' lang='lat' dir='ltr'>et</span> <span class='ocrx_word' id='word_1_113' title='bbox 474 2403 506 2468; x_wconf 88' lang='lat' dir='ltr'>id</span> <span class='ocrx_word' id='word_1_114' title='bbox 534 2403 636 2467; x_wconf 90' lang='lat' dir='ltr'>solum</span> <span class='ocrx_word' id='word_1_115' title='bbox 662 2425 767 2486; x_wconf 78' lang='lat' dir='ltr'>ogere,</span> <span class='ocrx_word' id='word_1_116' title='bbox 791 2402 880 2488; x_wconf 89' lang='lat' dir='ltr'>quod</span> <span class='ocrx_word' id='word_1_117' title='bbox 910 2403 1124 2488; x_wconf 89' lang='lat' dir='ltr'>subjectorum</span> <span class='ocrx_word' id='word_1_118' title='bbox 1152 2405 1237 2469; x_wconf 87' lang='lat' dir='ltr'>salus</span> 
     </span>
     <span class='ocr_line' id='line_1_18' title="bbox 284 2505 1237 2594; baseline -0.002 -21"><span class='ocrx_word' id='word_1_119' title='bbox 284 2505 437 2594; x_wconf 83' lang='lat' dir='ltr'>exposcit.</span> <span class='ocrx_word' id='word_1_120' title='bbox 482 2505 641 2590; x_wconf 86' lang='lat' dir='ltr'>Subjectis</span> <span class='ocrx_word' id='word_1_121' title='bbox 663 2506 773 2590; x_wconf 77' lang='lat' dir='ltr'>itaque</span> <span class='ocrx_word' id='word_1_122' title='bbox 796 2517 887 2588; x_wconf 85' lang='lat' dir='ltr'>peter</span> <span class='ocrx_word' id='word_1_123' title='bbox 908 2508 949 2568; x_wconf 88' lang='lat' dir='ltr'>sit</span> <span class='ocrx_word' id='word_1_124' title='bbox 971 2519 1002 2568; x_wconf 90' lang='lat' dir='ltr'>et</span> <span class='ocrx_word' id='word_1_125' title='bbox 1019 2507 1164 2584; x_wconf 89' lang='lat' dir='ltr'>maritus,</span> <span class='ocrx_word' id='word_1_126' title='bbox 1180 2522 1237 2572; x_wconf 89' lang='lat' dir='ltr'>aut</span> 
     </span>
     <span class='ocr_line' id='line_1_19' title="bbox 283 2603 1236 2680; baseline -0.003 -5"><span class='ocrx_word' id='word_1_127' title='bbox 283 2611 310 2674; x_wconf 89' lang='lat' dir='ltr'>si</span> <span class='ocrx_word' id='word_1_128' title='bbox 337 2608 522 2674; x_wconf 85' lang='lat' dir='ltr'>teneriorem</span> <span class='ocrx_word' id='word_1_129' title='bbox 547 2605 668 2671; x_wconf 90' lang='lat' dir='ltr'>noverit</span> <span class='ocrx_word' id='word_1_130' title='bbox 690 2603 898 2680; x_wconf 85' lang='lat' dir='ltr'>affectionem,</span> <span class='ocrx_word' id='word_1_131' title='bbox 922 2617 1033 2670; x_wconf 87' lang='lat' dir='ltr'>utatur</span> <span class='ocrx_word' id='word_1_132' title='bbox 1055 2629 1108 2672; x_wconf 90' lang='lat' dir='ltr'>es:</span> <span class='ocrx_word' id='word_1_133' title='bbox 1139 2610 1236 2672; x_wconf 74' lang='lat' dir='ltr'>amsii</span> 
     </span>
     <span class='ocr_line' id='line_1_20' title="bbox 284 2708 1237 2797; baseline -0.003 -20"><span class='ocrx_word' id='word_1_134' title='bbox 284 2711 386 2797; x_wconf 75' lang='lat' dir='ltr'>magis</span> <span class='ocrx_word' id='word_1_135' title='bbox 400 2709 539 2787; x_wconf 84' lang='lat' dir='ltr'>studeat,</span> <span class='ocrx_word' id='word_1_136' title='bbox 553 2731 650 2794; x_wconf 85' lang='lat' dir='ltr'>quam</span> <span class='ocrx_word' id='word_1_137' title='bbox 666 2709 782 2787; x_wconf 90' lang='lat' dir='ltr'>timeri,</span> <span class='ocrx_word' id='word_1_138' title='bbox 792 2723 825 2772; x_wconf 91' lang='lat' dir='ltr'>et</span> <span class='ocrx_word' id='word_1_139' title='bbox 840 2730 873 2770; x_wconf 90' lang='lat' dir='ltr'>se</span> <span class='ocrx_word' id='word_1_140' title='bbox 889 2708 982 2771; x_wconf 89' lang='lat' dir='ltr'>talem</span> <span class='ocrx_word' id='word_1_141' title='bbox 1000 2708 1063 2772; x_wconf 90' lang='lat' dir='ltr'>illis</span> <span class='ocrx_word' id='word_1_142' title='bbox 1077 2711 1237 2788; x_wconf 86' lang='lat' dir='ltr'>exhibeat,</span> 
     </span>
     <span class='ocr_line' id='line_1_21' title="bbox 284 2808 1234 2896; baseline 0 -22"><span class='ocrx_word' id='word_1_143' title='bbox 284 2829 320 2880; x_wconf 88' lang='lat' dir='ltr'>ut</span> <span class='ocrx_word' id='word_1_144' title='bbox 344 2813 441 2878; x_wconf 80' lang='lat' dir='ltr'>sitam</span> <span class='ocrx_word' id='word_1_145' title='bbox 462 2811 532 2896; x_wconf 85' lang='lat' dir='ltr'>ejus</span> <span class='ocrx_word' id='word_1_146' title='bbox 548 2808 779 2872; x_wconf 74' lang='lat' dir='ltr'>err-devotione</span> <span class='ocrx_word' id='word_1_147' title='bbox 800 2809 972 2894; x_wconf 84' lang='lat' dir='ltr'>proeierant</span> <span class='ocrx_word' id='word_1_148' title='bbox 995 2830 1073 2886; x_wconf 84' lang='lat' dir='ltr'>suae,</span> <span class='ocrx_word' id='word_1_149' title='bbox 1096 2826 1128 2876; x_wconf 92' lang='lat' dir='ltr'>et</span> <span class='ocrx_word' id='word_1_150' title='bbox 1151 2812 1234 2875; x_wconf 92' lang='lat' dir='ltr'>inco·</span> 
     </span>
     <span class='ocr_line' id='line_1_22' title="bbox 283 2907 1233 2996; baseline -0.002 -18"><span class='ocrx_word' id='word_1_151' title='bbox 283 2914 461 2978; x_wconf 87' lang='lat' dir='ltr'>lumitatem</span> <span class='ocrx_word' id='word_1_152' title='bbox 476 2909 572 2987; x_wconf 89' lang='lat' dir='ltr'>illius,</span> <span class='ocrx_word' id='word_1_153' title='bbox 585 2907 747 2992; x_wconf 87' lang='lat' dir='ltr'>quandam</span> <span class='ocrx_word' id='word_1_154' title='bbox 766 2910 927 2994; x_wconf 86' lang='lat' dir='ltr'>publicam</span> <span class='ocrx_word' id='word_1_155' title='bbox 951 2924 1101 2996; x_wconf 87' lang='lat' dir='ltr'>reputent</span> <span class='ocrx_word' id='word_1_156' title='bbox 1117 2911 1233 2984; x_wconf 68' lang='lat' dir='ltr'>vitatur</span> 
     </span>
     <span class='ocr_line' id='line_1_23' title="bbox 282 3009 1235 3098; baseline 0 -20"><span class='ocrx_word' id='word_1_157' title='bbox 282 3031 315 3080; x_wconf 89' lang='lat' dir='ltr'>et</span> <span class='ocrx_word' id='word_1_158' title='bbox 327 3015 356 3078; x_wconf 89' lang='lat' dir='ltr'>ei</span> <span class='ocrx_word' id='word_1_159' title='bbox 368 3027 444 3078; x_wconf 91' lang='lat' dir='ltr'>tuuc</span> <span class='ocrx_word' id='word_1_160' title='bbox 454 3011 560 3074; x_wconf 89' lang='lat' dir='ltr'>omnia</span> <span class='ocrx_word' id='word_1_161' title='bbox 572 3023 656 3073; x_wconf 87' lang='lat' dir='ltr'>recte</span> <span class='ocrx_word' id='word_1_162' title='bbox 668 3009 850 3095; x_wconf 87' lang='lat' dir='ltr'>procedent,</span> <span class='ocrx_word' id='word_1_163' title='bbox 863 3025 895 3075; x_wconf 91' lang='lat' dir='ltr'>et</span> <span class='ocrx_word' id='word_1_164' title='bbox 912 3033 1086 3096; x_wconf 83' lang='lat' dir='ltr'>paucorum</span> <span class='ocrx_word' id='word_1_165' title='bbox 1099 3014 1235 3098; x_wconf 90' lang='lat' dir='ltr'>stipatus</span> 
     </span>
     <span class='ocr_line' id='line_1_24' title="bbox 282 3111 1236 3200; baseline -0.001 -20"><span class='ocrx_word' id='word_1_166' title='bbox 282 3113 446 3200; x_wconf 76' lang='lat' dir='ltr'>obseqdio,</span> <span class='ocrx_word' id='word_1_167' title='bbox 459 3111 657 3200; x_wconf 81' lang='lat' dir='ltr'>proevslebit,</span> <span class='ocrx_word' id='word_1_168' title='bbox 672 3111 698 3175; x_wconf 91' lang='lat' dir='ltr'>si</span> <span class='ocrx_word' id='word_1_169' title='bbox 717 3134 800 3199; x_wconf 89' lang='lat' dir='ltr'>opus</span> <span class='ocrx_word' id='word_1_170' title='bbox 813 3126 873 3189; x_wconf 88' lang='lat' dir='ltr'>est,</span> <span class='ocrx_word' id='word_1_171' title='bbox 888 3111 1044 3178; x_wconf 87' lang='lat' dir='ltr'>adversus</span> <span class='ocrx_word' id='word_1_172' title='bbox 1057 3115 1236 3180; x_wconf 89' lang='lat' dir='ltr'>innumera-</span> 
     </span>
     <span class='ocr_line' id='line_1_25' title="bbox 282 3213 1233 3294; baseline -0.004 -10"><span class='ocrx_word' id='word_1_173' title='bbox 282 3220 372 3284; x_wconf 49' lang='lat' dir='ltr'>biles,</span> <span class='ocrx_word' id='word_1_174' title='bbox 417 3215 525 3280; x_wconf 86' lang='lat' dir='ltr'>Fortis</span> <span class='ocrx_word' id='word_1_175' title='bbox 538 3215 656 3280; x_wconf 80' lang='lat' dir='ltr'>etenim</span> <span class='ocrx_word' id='word_1_176' title='bbox 671 3227 719 3280; x_wconf 88' lang='lat' dir='ltr'>est</span> <span class='ocrx_word' id='word_1_177' title='bbox 735 3228 770 3279; x_wconf 90' lang='lat' dir='ltr'>ut</span> <span class='ocrx_word' id='word_1_178' title='bbox 787 3237 871 3278; x_wconf 87' lang='lat' dir='ltr'>mors</span> <span class='ocrx_word' id='word_1_179' title='bbox 885 3213 1031 3289; x_wconf 80' lang='lat' dir='ltr'>dilecti03</span> <span class='ocrx_word' id='word_1_180' title='bbox 1056 3229 1088 3280; x_wconf 91' lang='lat' dir='ltr'>et</span> <span class='ocrx_word' id='word_1_181' title='bbox 1102 3239 1233 3294; x_wconf 90' lang='lat' dir='ltr'>cuneus,</span> 
     </span>
     <span class='ocr_line' id='line_1_26' title="bbox 283 3316 1234 3408; baseline -0.005 -21"><span class='ocrx_word' id='word_1_182' title='bbox 283 3343 376 3408; x_wconf 87' lang='lat' dir='ltr'>quem</span> <span class='ocrx_word' id='word_1_183' title='bbox 397 3317 533 3384; x_wconf 81' lang='lat' dir='ltr'>funiculi</span> <span class='ocrx_word' id='word_1_184' title='bbox 554 3316 670 3380; x_wconf 85' lang='lat' dir='ltr'>suroris</span> <span class='ocrx_word' id='word_1_185' title='bbox 691 3317 923 3402; x_wconf 80' lang='lat' dir='ltr'>constringunt,</span> <span class='ocrx_word' id='word_1_186' title='bbox 946 3339 1008 3380; x_wconf 90' lang='lat' dir='ltr'>non</span> <span class='ocrx_word' id='word_1_187' title='bbox 1031 3317 1123 3382; x_wconf 83' lang='lat' dir='ltr'>facilc</span> <span class='ocrx_word' id='word_1_188' title='bbox 1149 3341 1234 3382; x_wconf 86' lang='lat' dir='ltr'>rutn-</span> 
     </span>
     <span class='ocr_line' id='line_1_27' title="bbox 280 3416 1232 3510; baseline -0.004 -24"><span class='ocrx_word' id='word_1_189' title='bbox 280 3424 377 3510; x_wconf 87' lang='lat' dir='ltr'>pitor.</span> <span class='ocrx_word' id='word_1_190' title='bbox 423 3421 579 3483; x_wconf 85' lang='lat' dir='ltr'>Dorenses</span> <span class='ocrx_word' id='word_1_191' title='bbox 607 3439 680 3480; x_wconf 89' lang='lat' dir='ltr'>cum</span> <span class='ocrx_word' id='word_1_192' title='bbox 707 3416 958 3480; x_wconf 84' lang='lat' dir='ltr'>Atheniensibus</span> <span class='ocrx_word' id='word_1_193' title='bbox 987 3418 1161 3502; x_wconf 87' lang='lat' dir='ltr'>pugnaturi</span> <span class='ocrx_word' id='word_1_194' title='bbox 1192 3418 1232 3482; x_wconf 89' lang='lat' dir='ltr'>de</span> 
     </span>
     <span class='ocr_line' id='line_1_28' title="bbox 281 3515 1233 3607; baseline -0.003 -19"><span class='ocrx_word' id='word_1_195' title='bbox 281 3537 398 3588; x_wconf 84' lang='lat' dir='ltr'>eventu</span> <span class='ocrx_word' id='word_1_196' title='bbox 417 3518 521 3607; x_wconf 86' lang='lat' dir='ltr'>praelii</span> <span class='ocrx_word' id='word_1_197' title='bbox 536 3517 666 3584; x_wconf 83' lang='lat' dir='ltr'>oraculo</span> <span class='ocrx_word' id='word_1_198' title='bbox 686 3515 924 3581; x_wconf 86' lang='lat' dir='ltr'>consuluerunt.</span> <span class='ocrx_word' id='word_1_199' title='bbox 970 3519 1171 3604; x_wconf 85' lang='lat' dir='ltr'>Responsum</span> <span class='ocrx_word' id='word_1_200' title='bbox 1186 3534 1233 3586; x_wconf 91' lang='lat' dir='ltr'>est</span> 
     </span>
     <span class='ocr_line' id='line_1_29' title="bbox 281 3616 1232 3710; baseline -0.002 -22"><span class='ocrx_word' id='word_1_201' title='bbox 281 3623 459 3710; x_wconf 85' lang='lat' dir='ltr'>superiores</span> <span class='ocrx_word' id='word_1_202' title='bbox 477 3621 556 3699; x_wconf 83' lang='lat' dir='ltr'>fore,</span> <span class='ocrx_word' id='word_1_203' title='bbox 570 3619 629 3683; x_wconf 89' lang='lat' dir='ltr'>nisi</span> <span class='ocrx_word' id='word_1_204' title='bbox 645 3640 750 3703; x_wconf 86' lang='lat' dir='ltr'>regem</span> <span class='ocrx_word' id='word_1_205' title='bbox 768 3616 1010 3682; x_wconf 83' lang='lat' dir='ltr'>Atheniensium</span> <span class='ocrx_word' id='word_1_206' title='bbox 1032 3619 1232 3687; x_wconf 88' lang='lat' dir='ltr'>occidissent.</span> 
     </span>
     <span class='ocr_line' id='line_1_30' title="bbox 283 3719 1233 3800; baseline 0.001 -11"><span class='ocrx_word' id='word_1_207' title='bbox 283 3729 393 3800; x_wconf 88' lang='lat' dir='ltr'>Quum</span> <span class='ocrx_word' id='word_1_208' title='bbox 416 3736 548 3787; x_wconf 80' lang='lat' dir='ltr'>sentum</span> <span class='ocrx_word' id='word_1_209' title='bbox 561 3735 642 3785; x_wconf 87' lang='lat' dir='ltr'>esset</span> <span class='ocrx_word' id='word_1_210' title='bbox 663 3721 695 3784; x_wconf 93' lang='lat' dir='ltr'>in</span> <span class='ocrx_word' id='word_1_211' title='bbox 720 3720 849 3794; x_wconf 86' lang='lat' dir='ltr'>bellum,</span> <span class='ocrx_word' id='word_1_212' title='bbox 866 3719 1023 3784; x_wconf 91' lang='lat' dir='ltr'>militibus</span> <span class='ocrx_word' id='word_1_213' title='bbox 1039 3733 1112 3786; x_wconf 84' lang='lat' dir='ltr'>onte</span> <span class='ocrx_word' id='word_1_214' title='bbox 1126 3725 1233 3790; x_wconf 89' lang='lat' dir='ltr'>omnia</span> 
     </span>
     <span class='ocr_line' id='line_1_31' title="bbox 281 3821 1232 3912; baseline -0.003 -20"><span class='ocrx_word' id='word_1_215' title='bbox 281 3828 364 3912; x_wconf 79' lang='lat' dir='ltr'>regis</span> <span class='ocrx_word' id='word_1_216' title='bbox 374 3823 518 3891; x_wconf 84' lang='lat' dir='ltr'>custodia</span> <span class='ocrx_word' id='word_1_217' title='bbox 534 3823 730 3909; x_wconf 66' lang='lat' dir='ltr'>praecipitur.</span> <span class='ocrx_word' id='word_1_218' title='bbox 770 3821 1022 3886; x_wconf 86' lang='lat' dir='ltr'>Atheniensibus</span> <span class='ocrx_word' id='word_1_219' title='bbox 1037 3845 1074 3885; x_wconf 90' lang='lat' dir='ltr'>eo</span> <span class='ocrx_word' id='word_1_220' title='bbox 1090 3837 1232 3910; x_wconf 90' lang='lat' dir='ltr'>tempore</span> 
     </span>
     <span class='ocr_line' id='line_1_32' title="bbox 281 3922 1233 4011; baseline -0.002 -19"><span class='ocrx_word' id='word_1_221' title='bbox 281 3952 338 3994; x_wconf 84' lang='lat' dir='ltr'>rex</span> <span class='ocrx_word' id='word_1_222' title='bbox 365 3927 490 3994; x_wconf 87' lang='lat' dir='ltr'>Codrus</span> <span class='ocrx_word' id='word_1_223' title='bbox 512 3938 590 3990; x_wconf 83' lang='lat' dir='ltr'>etat.</span> <span class='ocrx_word' id='word_1_224' title='bbox 634 3925 699 3999; x_wconf 88' lang='lat' dir='ltr'>Qui</span> <span class='ocrx_word' id='word_1_225' title='bbox 723 3924 884 4010; x_wconf 84' lang='lat' dir='ltr'>responsio</span> <span class='ocrx_word' id='word_1_226' title='bbox 912 3922 983 3998; x_wconf 87' lang='lat' dir='ltr'>Dei,</span> <span class='ocrx_word' id='word_1_227' title='bbox 1007 3936 1038 3986; x_wconf 87' lang='lat' dir='ltr'>et</span> <span class='ocrx_word' id='word_1_228' title='bbox 1067 3930 1233 4011; x_wconf 82' lang='lat' dir='ltr'>praeceptis</span> 
     </span>
    </p>
   </div>
   <div class='ocr_carea' id='block_1_3' title="bbox 282 4023 1234 4496">
    <p class='ocr_par' dir='ltr' id='par_1_3' title="bbox 282 4023 1234 4113">
     <span class='ocr_line' id='line_1_33' title="bbox 282 4023 1234 4113; baseline 0 -21"><span class='ocrx_word' id='word_1_229' title='bbox 282 4029 421 4095; x_wconf 85' lang='lat' dir='ltr'>hostium</span> <span class='ocrx_word' id='word_1_230' title='bbox 436 4026 728 4113; x_wconf 80' lang='lat' dir='ltr'>coguitis,mutatio</span> <span class='ocrx_word' id='word_1_231' title='bbox 742 4024 825 4108; x_wconf 82' lang='lat' dir='ltr'>regis</span> <span class='ocrx_word' id='word_1_232' title='bbox 840 4023 965 4098; x_wconf 89' lang='lat' dir='ltr'>habitu,</span> <span class='ocrx_word' id='word_1_233' title='bbox 981 4036 1138 4088; x_wconf 85' lang='lat' dir='ltr'>sarmenta</span> <span class='ocrx_word' id='word_1_234' title='bbox 1152 4027 1234 4093; x_wconf 90' lang='lat' dir='ltr'>collo</span> 
     </span>
    </p>

    <p class='ocr_par' dir='ltr' id='par_1_4' title="bbox 283 4124 1233 4214">
     <span class='ocr_line' id='line_1_34' title="bbox 283 4124 1233 4214; baseline 0.002 -22"><span class='ocrx_word' id='word_1_235' title='bbox 283 4151 406 4214; x_wconf 82' lang='lat' dir='ltr'>gerens,</span> <span class='ocrx_word' id='word_1_236' title='bbox 419 4130 452 4192; x_wconf 90' lang='lat' dir='ltr'>in</span> <span class='ocrx_word' id='word_1_237' title='bbox 467 4141 570 4192; x_wconf 82' lang='lat' dir='ltr'>costra</span> <span class='ocrx_word' id='word_1_238' title='bbox 585 4126 724 4190; x_wconf 88' lang='lat' dir='ltr'>hostium</span> <span class='ocrx_word' id='word_1_239' title='bbox 739 4124 928 4211; x_wconf 85' lang='lat' dir='ltr'>ingreditur.</span> <span class='ocrx_word' id='word_1_240' title='bbox 968 4127 1007 4189; x_wconf 97' lang='lat' dir='ltr'>ln</span> <span class='ocrx_word' id='word_1_241' title='bbox 1024 4127 1120 4192; x_wconf 89' lang='lat' dir='ltr'>turbs</span> <span class='ocrx_word' id='word_1_242' title='bbox 1133 4129 1233 4194; x_wconf 88' lang='lat' dir='ltr'>obsis·</span> 
     </span>
    </p>

    <p class='ocr_par' dir='ltr' id='par_1_5' title="bbox 284 4227 1232 4312">
     <span class='ocr_line' id='line_1_35' title="bbox 284 4227 1232 4312; baseline 0.002 -18"><span class='ocrx_word' id='word_1_243' title='bbox 284 4233 432 4305; x_wconf 89' lang='lat' dir='ltr'>tentium,</span> <span class='ocrx_word' id='word_1_244' title='bbox 448 4252 467 4293; x_wconf 87' lang='lat' dir='ltr'>a</span> <span class='ocrx_word' id='word_1_245' title='bbox 481 4228 581 4292; x_wconf 87' lang='lat' dir='ltr'>milite</span> <span class='ocrx_word' id='word_1_246' title='bbox 595 4249 691 4312; x_wconf 86' lang='lat' dir='ltr'>quem</span> <span class='ocrx_word' id='word_1_247' title='bbox 706 4227 787 4291; x_wconf 83' lang='lat' dir='ltr'>soloe</span> <span class='ocrx_word' id='word_1_248' title='bbox 807 4239 1017 4312; x_wconf 88' lang='lat' dir='ltr'>percusserat,</span> <span class='ocrx_word' id='word_1_249' title='bbox 1032 4229 1232 4296; x_wconf 87' lang='lat' dir='ltr'>interficitur.</span> 
     </span>
    </p>

    <p class='ocr_par' dir='ltr' id='par_1_6' title="bbox 285 4327 1234 4496">
     <span class='ocr_line' id='line_1_36' title="bbox 285 4327 1234 4413; baseline 0.003 -18"><span class='ocrx_word' id='word_1_250' title='bbox 285 4331 424 4413; x_wconf 78' lang='lat' dir='ltr'>Cognito</span> <span class='ocrx_word' id='word_1_251' title='bbox 438 4329 521 4412; x_wconf 74' lang='lat' dir='ltr'>regis</span> <span class='ocrx_word' id='word_1_252' title='bbox 531 4349 674 4413; x_wconf 86' lang='lat' dir='ltr'>corpore,</span> <span class='ocrx_word' id='word_1_253' title='bbox 689 4331 844 4392; x_wconf 89' lang='lat' dir='ltr'>Dorenses</span> <span class='ocrx_word' id='word_1_254' title='bbox 856 4329 922 4392; x_wconf 88' lang='lat' dir='ltr'>sine</span> <span class='ocrx_word' id='word_1_255' title='bbox 934 4327 1044 4413; x_wconf 78' lang='lat' dir='ltr'>praelio</span> <span class='ocrx_word' id='word_1_256' title='bbox 1055 4329 1234 4398; x_wconf 88' lang='lat' dir='ltr'>discedunt.</span> 
     </span>
     <span class='ocr_line' id='line_1_37' title="bbox 326 4450 757 4496; baseline 0 0"><span class='ocrx_word' id='word_1_257' title='bbox 326 4451 397 4496; x_wconf 80' lang='lat' dir='ltr'>vot.</span> <span class='ocrx_word' id='word_1_258' title='bbox 414 4451 463 4496; x_wconf 87' lang='lat'>111.</span> <span class='ocrx_word' id='word_1_259' title='bbox 736 4450 757 4496; x_wconf 76' lang='lat' dir='ltr'>tt</span> 
     </span>
    </p>
   </div>
   <div class='ocr_carea' id='block_1_4' title="bbox 0 0 1718 5367">
    <p class='ocr_par' dir='ltr' id='par_1_7' title="bbox 0 0 1718 5367">
     <span class='ocr_line' id='line_1_38' title="bbox 0 0 1718 5367; baseline 0 0"><span class='ocrx_word' id='word_1_260' title='bbox 0 0 1718 5367; x_wconf 95' lang='lat' dir='ltr'> </span> 
     </span>
    </p>
   </div>
  </div>
 </body>
</html>
