3425 5367
432 690 495 749 82ss
695 701 841 748 roannss
857 698 1136 747 sanssanrrmusrs
1256 684 1339 759 [ura.
1355 702 1386 746 v.

434 852 579 939 prodeat,
591 852 712 917 deterat
724 854 857 931 crimen,
869 852 1010 915 delatum
1020 856 1186 935 approbet,
1199 875 1297 939 quum
1313 873 1386 935 pro·

434 955 565 1031 barerit,
581 964 612 1017 et
626 954 791 1019 victoriam
806 962 1021 1037 reportaturus
1032 966 1064 1018 et
1074 955 1218 1036 gloriam.
1252 955 1385 1019 Utinam

434 1057 505 1121 haee
521 1057 571 1119 vel
586 1054 755 1119 audiantur
769 1076 790 1117 a
810 1054 938 1127 nostris,
953 1075 1027 1117 nam
1047 1064 1082 1118 ut
1097 1066 1261 1120 serventur
1275 1066 1386 1141 optare

434 1157 493 1221 rix
514 1155 627 1221 audeo.
672 1157 762 1229 Quos
781 1155 930 1239 quotiens
951 1154 1136 1235 diligentius
1155 1157 1291 1235 intueor,
1310 1177 1387 1220 con·

435 1276 582 1321 cursores
596 1254 676 1319 milri
690 1255 799 1337 potius
816 1253 927 1317 videor
946 1252 1065 1331 videre,
1081 1276 1178 1338 quam
1192 1256 1333 1340 judices,
1347 1276 1387 1319 ao

436 1354 529 1421 eiad
552 1355 615 1417 hoo
638 1354 742 1417 solum
768 1352 836 1416 dati
862 1352 934 1430 sint,
956 1362 991 1415 ut
1016 1352 1215 1435 provinciam
1237 1354 1386 1439 spolient.

436 1454 551 1523 Sedet
570 1457 659 1537 leges
678 1455 759 1539 ipsm
779 1464 810 1519 et
825 1453 1087 1531 consuetudines,
1103 1456 1220 1538 quibus
1239 1475 1325 1519 nune
1341 1456 1387 1519 vi-

436 1559 529 1636 vitur,
550 1557 676 1621 insidia
702 1566 789 1631 sunt,
810 1568 843 1619 et
864 1554 972 1639 laquei
993 1556 1265 1623 calumniantium.
1309 1558 1389 1622 Ver·

437 1661 553 1723 borum
572 1657 745 1721 tendiculae
768 1666 999 1739 proponuntur,
1015 1666 1049 1721 et
1069 1658 1302 1741 aucupationes
1323 1660 1386 1741 syl-

436 1762 597 1835 labarum3
618 1781 666 1821 vm
678 1757 817 1842 simplici
827 1757 884 1841 qui
894 1757 1082 1840 syllabizare
1092 1779 1159 1821 non
1168 1758 1275 1822 norit!
1300 1759 1388 1835 Feci,

437 1862 553 1945 inquit,
571 1858 730 1944 judicium
752 1869 786 1923 et
799 1858 969 1942 justitiam,
982 1878 1048 1920 non
1070 1857 1176 1922 tradas
1197 1880 1250 1925 me
1268 1860 1389 1923 calum·

437 1962 601 2027 ulantibus
614 1981 677 2023 me.
714 1961 762 2023 Ac
778 1959 927 2040 siaperte
939 1958 1047 2022 dicat:
1070 1959 1134 2030 Qui
1143 1958 1306 2042 judicium
1317 1982 1388 2044 per·

437 2072 575 2139 vertunt,
588 2070 621 2122 et
629 2060 788 2144 justitiam
804 2058 965 2135 deserunt,
981 2057 1144 2121 tradantur
1158 2060 1390 2137 calumniatori,

439 2165 495 2248 qui
510 2162 594 2225 filios
611 2159 713 2223 Adam
727 2170 802 2222 ante
818 2168 1028 2238 conspectum
1043 2159 1176 2221 Domini
1194 2168 1325 2224 accusat
1338 2159 1389 2223 die

439 2286 477 2329 ac
492 2271 596 2325 nocte.
642 2259 772 2341 Legitur
785 2259 819 2321 in
834 2259 917 2321 libro
933 2259 1070 2340 Regum,
1084 2258 1126 2323 ad
1141 2261 1324 2325 universum
1341 2262 1388 2325 Is·

438 2365 503 2429 rael
518 2360 640 2425 dixisse
655 2360 854 2423 Samuelem:
888 2360 979 2423 Ecce
1002 2359 1110 2423 audivi
1125 2382 1238 2425 vocem
1253 2373 1389 2429 vestram

434 2468 530 2552 juxta
540 2462 649 2526 omnia
660 2483 732 2544 quae
742 2460 868 2545 loquuti
877 2459 953 2525 estis
965 2462 1006 2525 ad
1015 2482 1077 2539 me,
1088 2472 1122 2525 et
1131 2464 1285 2529 constitui
1296 2484 1391 2546 super

439 2588 497 2631 vos
511 2585 628 2646 regem.
665 2564 710 2627 Et
722 2584 810 2625 nuno
822 2584 880 2626 rex
892 2561 1034 2644 graditur
1044 2571 1118 2626 ante
1129 2584 1198 2642 vos,
1207 2584 1269 2644 ego
1284 2574 1390 2629 autem

440 2667 533 2733 senui
562 2677 595 2730 et
619 2664 760 2729 incanui.
806 2664 904 2728 Porro
932 2663 991 2727 filii
1017 2662 1081 2727 mei
1108 2665 1275 2729 vobiscum
1305 2676 1388 2729 sunt.

439 2774 555 2853 ltaque
569 2777 774 2833 conversatus
789 2787 862 2829 sum
877 2786 985 2829 eoram
1001 2766 1101 2841 vobis,
1116 2768 1157 2830 ab
1172 2766 1392 2833 adolescentia

440 2890 522 2945 mea,
539 2864 696 2951 usquead
711 2864 798 2927 diem
815 2865 910 2927 hano.
954 2864 1045 2932 Ecce
1065 2875 1184 2947 presto
1199 2887 1279 2931 sum.
1325 2865 1391 2929 Lo·

441 2969 576 3056 quimini
590 2967 631 3031 de
647 2988 698 3030 me
712 2987 819 3029 coram
831 2964 985 3038 Domino,
998 2974 1030 3027 et
1045 2986 1151 3031 coram
1167 2966 1296 3031 Christo
1310 2966 1391 3051 ejus,

440 3081 546 3134 utrum
576 3070 692 3130 boram
721 3066 911 3148 cujusquam
946 3065 1084 3143 tulerim,
1113 3078 1168 3131 aut
1196 3067 1332 3141 asinum,
1363 3068 1391 3131 si

442 3163 623 3247 quempiam
647 3162 857 3225 calumniatus
880 3181 963 3235 sum,
978 3159 1006 3223 si
1028 3162 1173 3244 oppressi
1194 3162 1346 3245 aliquem,
1365 3162 1392 3227 si

442 3264 484 3329 de
506 3284 604 3327 manu
630 3262 818 3346 cujusquam
840 3282 958 3325 munus
982 3261 1106 3343 accepi,
1128 3270 1161 3325 et
1188 3273 1391 3327 contemnam

440 3363 521 3428 illud
536 3362 644 3441 hodie,
653 3361 883 3444 restituamque
894 3360 994 3424 robis.
1031 3361 1060 3423 0
1075 3362 1228 3444 pudicum
1240 3362 1392 3441 animum,

441 3487 461 3528 o
484 3464 701 3527 coutinentem
727 3482 869 3539 manum,
893 3482 913 3523 0
933 3460 1081 3543 judicem
1106 3461 1338 3546 incorruptum,
1360 3472 1393 3527 et

441 3585 555 3628 vocem
577 3561 792 3643 magnificam,
811 3560 1047 3637 admirandam,
1062 3571 1093 3623 et
1113 3562 1301 3627 imitandam
1322 3564 1392 3629 uni·

440 3662 549 3739 versis,
564 3681 638 3743 quae
655 3659 696 3721 de
712 3658 910 3721 conscientia
924 3678 1005 3739 pura
1019 3659 1065 3723 sie
1080 3654 1240 3743 loquitur!
1272 3665 1393 3749 Loqui·

441 3763 520 3828 mini
535 3762 576 3823 de
584 3780 637 3823 me
649 3778 756 3821 coram
770 3756 911 3820 Domino
923 3765 955 3820 et
964 3757 1093 3822 Christo
1103 3759 1182 3843 ejus,
1194 3764 1249 3847 qui
1261 3766 1294 3827 in
1310 3767 1393 3829 coelo

442 3874 475 3933 et
503 3873 586 3927 terra
608 3858 738 3944 judices
763 3857 922 3943 judicant.
969 3859 1166 3943 Loquimini,
1195 3864 1338 3947 inquam,
1365 3866 1395 3929 si

441 3967 557 4029 bovem
572 3960 761 4047 cujusquam
775 3970 830 4024 aut
844 3958 969 4023 asinum
984 3960 1117 4023 tulerim.
1163 3963 1283 4045 Utique
1302 3965 1395 4029 villas

442 4074 474 4130 et
487 4062 620 4145 praedia,
634 4071 691 4127 aut
704 4062 862 4124 immensa
881 4060 1026 4143 pondera
1040 4061 1107 4123 auri
1122 4063 1173 4124 vel
1187 4063 1321 4143 argenti,
1337 4076 1394 4129 aut

442 4164 590 4252 pretiosae
605 4160 817 4245 supellectilis
831 4182 929 4225 onera
944 4184 1008 4225 non
1020 4171 1204 4238 extorserat,
1215 4164 1271 4245 qui
1285 4166 1394 4247 magni

442 4265 608 4355 reputabat
624 4262 769 4349 judicem
791 4264 906 4327 bovem
927 4263 1069 4327 oblatum
1084 4264 1251 4348 accepisse
1267 4267 1316 4329 rel
1331 4266 1393 4330 asi·
