3425 5367
354 778 426 822 car.
444 761 489 840 v.]
721 767 976 827 eonucaar'rcus

465 930 496 981 ln
507 930 593 1001 precio
604 931 718 1000 precium
729 947 796 982 nunc
808 935 857 992 est,
870 931 916 982 dat
927 949 1018 984 census
1029 933 1138 986 honoras

494 1015 597 1066 Census
607 1013 751 1066 amicitias:
768 1031 866 1084 pauper
877 1015 973 1083 ubique
980 1018 1062 1088 jacet.

356 1115 466 1199 Longe
490 1113 601 1178 utilius
628 1112 760 1198 quidam
784 1136 908 1177 omnem
932 1116 1095 1180 materiam
1112 1118 1306 1204 jurgiorum,

354 1229 386 1280 et
401 1238 527 1279 causam
551 1215 628 1294 odii,
643 1238 662 1278 a
677 1215 742 1278 suis
762 1216 998 1301 rebuspublicis
1017 1219 1226 1282 exterminare
1242 1232 1310 1284 stu·

354 1317 507 1396 duerunt,
538 1330 574 1380 ut
601 1338 697 1379 causa
723 1315 898 1396 deficiente,
924 1317 1056 1382 effectus
1087 1319 1215 1384 malitiae
1238 1343 1310 1384 eva-

355 1429 514 1480 nosceret:
546 1415 640 1501 quale
656 1427 702 1478 est
718 1414 881 1478 decretum
900 1416 1043 1502 Lycurgi
1060 1419 1145 1503 apud
1158 1419 1308 1484 Lacedae-

356 1541 473 1598 mones,
488 1533 521 1582 et
539 1519 572 1580 in
599 1516 730 1602 antiqua
753 1516 889 1591 Graecia,
910 1539 983 1601 quae
1004 1540 1088 1581 nunc
1109 1541 1182 1603 pars
1207 1521 1309 1587 ltaliae

354 1635 414 1700 est,
440 1621 538 1686 Samii
561 1619 705 1683 doctrina
731 1618 937 1702 Pythagorae,
963 1619 1020 1702 qui
1046 1620 1308 1685 constitutionum

357 1745 487 1786 suarum
513 1722 625 1786 robore
650 1735 683 1783 et
711 1723 842 1794 virtute,
874 1733 974 1783 totam
1002 1719 1141 1784 traditur
1172 1744 1310 1788 servasse

358 1825 493 1890 ltaliam.
540 1825 673 1890 Utinam
696 1844 809 1888 aurum
831 1843 902 1886 cnm
924 1835 1055 1906 argento
1078 1821 1216 1898 vilescat,
1233 1824 1308 1890 dum

357 1925 398 1989 sit
413 1924 479 1988 sola
494 1923 597 1987 virtus
611 1923 643 1986 in
665 1922 782 2008 precio,
798 1934 831 1986 et
847 1921 901 1986 illa
923 1944 1062 2008 quorum
1080 1945 1172 1986 usum
1189 1925 1310 2008 optima

355 2027 423 2090 dux
439 2025 566 2089 vivendi
582 2039 708 2100 natura,
724 2023 935 2087 commendat·
979 2026 1107 2109 Pauper
1121 2023 1231 2111 itaque
1246 2049 1309 2090 non

351 2126 483 2212 jacebit,
498 2148 556 2189 nec
564 2125 654 2189 dives
663 2123 759 2188 solius
770 2125 913 2210 pecuniae
925 2124 1079 2188 beneficio
1091 2125 1310 2204 honorabitur,

355 2227 663 2314 dumunusquisque
685 2226 856 2312 suiipsius
879 2227 954 2292 dote
977 2227 1037 2292 erit
1060 2228 1092 2290 in
1117 2228 1235 2313 precio,
1260 2229 1310 2292 vel

357 2331 496 2394 vilescet.
540 2333 641 2393 Porro
662 2326 810 2413 quaedam
834 2352 853 2392 a
876 2352 920 2407 se,
942 2329 1088 2414 quaedaut
1112 2331 1153 2392 ab
1175 2330 1308 2394 aliorum

293 2485 296 2492 .
356 2431 504 2516 opinione
527 2430 645 2503 habent
660 2430 759 2514 precii
782 2430 984 2516 dignitatem.
1030 2429 1125 2495 Panis
1141 2432 1310 2517 siquidem,

357 2547 412 2598 aut
429 2532 587 2606 victualia,
604 2552 679 2617 quoe
693 2532 727 2594 in
742 2530 911 2611 alimentis,
925 2545 982 2596 aut
997 2532 1190 2596 indumentis
1206 2555 1312 2598 neces·

357 2635 446 2698 sariis
460 2647 617 2710 constant,
632 2632 773 2696 dictante
789 2647 902 2698 natura
925 2645 999 2698 sunt
1017 2634 1137 2720 ubique
1153 2647 1308 2699 terrarum

357 2737 390 2799 in
406 2739 521 2822 precio.
566 2736 647 2812 Quae
656 2756 765 2798 sensus
777 2735 949 2810 oblectant,
965 2735 1152 2798 naturaliter
1161 2735 1310 2802 omnibus

358 2850 451 2920 grata
472 2848 556 2900 sunt.
602 2833 690 2908 Quid
720 2834 846 2899 multa?
885 2835 965 2912 Quae
988 2847 1112 2900 naturae
1140 2849 1225 2914 sunt,
1246 2859 1308 2902 nou

358 2938 454 3002 modo
464 2936 594 3007 eadetm
611 2935 666 3000 sed
678 2936 787 3022 vigent
796 2935 881 3023 apud
894 2959 1012 3002 omnes.
1058 2940 1140 3012 Quat
1152 2937 1310 3022 opinionis

356 3040 525 3104 arbitrium
535 3051 723 3125 sequuntur,
734 3040 853 3103 incerta
863 3054 953 3104 sunt:
969 3053 1000 3104 et
1013 3038 1140 3104 sicutad
1157 3038 1309 3126 placitum

359 3156 445 3221 sunt,
459 3143 504 3204 ita
519 3157 549 3204 et
566 3141 605 3204 ad
621 3142 776 3227 placitum
791 3154 993 3206 evanescunt.
1032 3145 1106 3206 Non
1119 3141 1222 3205 lucrat
1233 3163 1310 3228 ergo

360 3243 536 3308 timendum
550 3245 752 3328 Imperatori,
766 3267 807 3308 ne
819 3244 949 3310 materia
958 3243 1217 3308 commerciorum
1232 3243 1313 3306 defi·

356 3344 875 3431 oeret,quumetiamadhucapud
886 3342 1149 3408 illosvenalitium
1160 3341 1312 3428 frequens

357 3449 409 3526 sit,
419 3447 475 3533 qui
488 3446 653 3532 pecuniam
663 3468 725 3508 non
739 3459 906 3510 noverunt.
955 3445 1026 3508 Scio
1041 3443 1201 3530 equidem,
1214 3456 1312 3510 tantae

358 3547 521 3635 sapientiae
535 3547 632 3612 luisse
650 3547 860 3621 Salomonem,
876 3559 912 3612 ut
928 3567 1088 3633 nunquam
1105 3545 1259 3621 timuerit,
1271 3568 1311 3610 ne

359 3661 684 3734 aurumetargentum
693 3648 856 3714 vilesceret
865 3649 1153 3734 posteris,quorum
1164 3659 1312 3712 naturam

360 3750 491 3814 ridebat
499 3749 797 3825 esseiamelicam,et
810 3771 869 3835 pro
879 3763 969 3835 parte
980 3747 1200 3814 maximanihil
1212 3747 1312 3825 aliud,

359 3873 456 3940 quam
471 3854 634 3936 pecuniam
650 3853 780 3916 esurire.
802 3849 901 3914 Unde
917 3872 974 3935 per
990 3849 1175 3935 inspiratam
1191 3847 1313 3934 sapien-

360 3955 535 4032 tiam,hauc
541 3952 718 4038 rubiginem
732 3975 789 4017 rex
798 3951 964 4015 contemsit
976 3950 1132 4036 egregius,
1143 3949 1226 4014 utad
1237 3971 1310 4013 con·

360 4067 494 4118 temtum
510 4053 653 4139 pecunia·
669 4053 820 4138 suiipsius
835 4051 981 4137 exemplo
992 4062 1135 4137 posteros
1149 4048 1308 4114 invitaret.

363 4157 522 4219 Praeterea
536 4177 642 4238 regem
657 4177 723 4218 esse
738 4153 868 4238 expedit
891 4153 1066 4239 copiosum,
1080 4151 1126 4216 ita
1141 4164 1258 4229 tamen,
1274 4165 1311 4216 ut

361 4253 490 4318 divitias
510 4277 584 4320 suas
607 4253 717 4340 populi
741 4265 879 4340 reputet.
926 4253 997 4314 Non
1015 4251 1143 4316 habebit
1167 4273 1243 4334 ergo
1263 4249 1311 4314 di-

363 4353 466 4428 vitias,
481 4376 561 4438 quas
585 4353 709 4416 nominc
729 4352 831 4416 alieno
853 4351 1007 4437 possidet,
1028 4373 1086 4416 nec
1109 4351 1168 4414 sibi
1188 4349 1312 4434 privata
