3425 5367
358 725 429 772 ose.
444 707 546 787 xxia]
698 723 954 770 eonrcnamons.
1250 712 1311 772 tet

359 897 495 956 sensum,
517 887 555 940 ut
576 873 705 952 dixerit,
726 873 752 937 si
773 894 835 936 non
858 884 963 938 essent
983 871 1213 959 praedestinati,
1236 874 1307 940 dix-

358 974 450 1038 issem
472 974 571 1052 vobis,
591 974 645 1040 ibo
666 986 699 1038 et
720 973 967 1059 praedestinabo,
987 973 1138 1038 credibile
1159 988 1208 1040 est
1229 975 1309 1040 dum

356 1097 460 1140 rernm
476 1076 595 1162 pendet
609 1088 752 1152 eventus,
768 1075 795 1140 si
809 1076 1020 1162 omnipotenti
1034 1075 1169 1162 placeat,
1183 1100 1237 1141 eos
1252 1077 1308 1162 qui

356 1177 499 1244 noudum
528 1178 746 1264 praedestinati
775 1191 861 1253 sunt,
892 1200 984 1264 posse
1018 1178 1238 1262 praedestinari
1266 1178 1309 1243 ad

357 1275 467 1353 vitam,
482 1290 514 1342 et
530 1277 587 1362 qui
605 1277 673 1359 jam
694 1276 804 1361 scripti
825 1290 901 1340 sunt
919 1277 954 1340 in
975 1276 1058 1340 libro
1074 1277 1161 1355 vitae,
1181 1277 1311 1363 exigen-

357 1377 446 1442 tibus
459 1377 581 1442 meritis
594 1378 636 1442 ab
651 1377 761 1440 eodem
778 1399 871 1462 posse
885 1376 995 1442 deleri·
1039 1377 1128 1442 Hinc
1142 1391 1190 1443 est
1205 1379 1307 1444 forte:

359 1477 538 1542 Deleantur
565 1477 606 1542 de
635 1477 718 1541 libro
743 1478 930 1555 viventium,
958 1491 991 1542 et
1020 1502 1094 1542 cum
1119 1480 1219 1565 justis
1245 1503 1309 1545 non

359 1578 547 1644 scribantur.
595 1579 760 1663 Itemque:
788 1582 855 1642 Aut
871 1577 998 1643 dimitte
1012 1583 1058 1644 eis
1077 1580 1160 1643 hanc
1181 1603 1309 1656 noxam,

358 1693 415 1746 aut
431 1681 457 1744 ei
474 1701 535 1744 non
550 1678 638 1754 sacis,
648 1678 719 1742 dele
734 1701 785 1742 me
799 1678 840 1742 de
855 1677 938 1743 libro
954 1692 1021 1756 tuo,
1037 1703 1131 1766 quem
1147 1681 1309 1767 scripsisti.

359 1781 423 1860 Qui
439 1793 533 1844 natus
547 1778 720 1864 est,inquit
731 1778 952 1862 Evangelista,
962 1802 1003 1844 ex
1017 1783 1099 1856 Deo,
1111 1802 1173 1843 non
1190 1794 1309 1866 peccat,

359 1883 510 1970 quoniam
533 1881 697 1967 generatio
717 1880 854 1945 coelestis
876 1894 980 1945 servat
1006 1904 1091 1946 eum.
1136 1882 1310 1950 Generatio

356 1986 471 2070 utique
485 1982 620 2048 coelestis
634 1995 682 2048 est
697 1995 816 2048 aeterna
830 1981 1081 2069 praedestinatio,
1094 1984 1187 2070 cujus
1200 2007 1310 2052 omnes

357 2087 414 2152 filii
436 2084 660 2170 ingrediuntur
680 2084 721 2148 ad
739 2084 848 2160 vitam,
864 2084 925 2148 etsi
947 2084 1097 2170 possibile
1118 2085 1160 2150 sit
1181 2085 1309 2150 eosdem

355 2187 624 2274 praevaricationis
646 2186 759 2250 merito
780 2208 800 2249 a
816 2186 958 2272 justitia,
978 2210 1054 2274 quae
1078 2189 1130 2252 eia
1151 2189 1227 2253 vitae
1249 2201 1309 2268 est,

356 2291 512 2356 aberrare.
559 2289 592 2354 Si
615 2287 693 2352 mihi
714 2310 777 2352 non
801 2288 917 2365 credis,
931 2288 1009 2352 audi
1024 2288 1075 2352 vel
1096 2287 1199 2368 illum,
1214 2289 1307 2354 cuisi

356 2390 488 2476 angelus
504 2389 544 2453 de
559 2388 640 2454 coelo
653 2387 893 2468 contradixerit,
906 2389 1093 2474 dignissimo
1107 2389 1308 2456 anathemate

357 2489 630 2556 condemnabitur.
674 2491 779 2564 Pater,
807 2489 928 2574 inquit,
952 2512 992 2552 ex
1018 2489 1063 2552 eis
1085 2511 1167 2575 quos
1190 2489 1308 2555 dedisti

358 2592 438 2656 mihi
453 2611 515 2652 non
531 2587 655 2676 perdidi
677 2609 884 2674 quemquam,
899 2588 955 2652 sed
978 2611 1068 2654 serva
1086 2611 1149 2652 eos.
1194 2591 1308 2654 Nonne

358 2714 467 2778 quaeso
484 2691 552 2776 jam
575 2689 646 2753 illos
660 2687 855 2773 perdiderat,
871 2689 928 2772 qui
950 2701 1123 2754 retrorsum
1137 2687 1309 2754 abierant?

359 2799 474 2862 Nonne
495 2793 591 2856 etiam
613 2789 850 2876 quodammodo
866 2790 935 2874 jam
958 2791 981 2852 J
984 2789 1080 2852 udam
1101 2789 1307 2876 perdiderat?

360 2895 424 2960 Sed
447 2904 532 2958 certe
558 2913 619 2954 non
644 2902 862 2976 acceptaverat
891 2910 963 2953 eum
990 2888 1022 2952 in
1045 2911 1160 2953 arcano
1185 2891 1308 2955 consilii

357 2995 454 3075 fliius,
482 3017 539 3058 nec
568 3005 659 3079 pater
687 2991 876 3056 servandum
907 2991 990 3055 inter
1018 2990 1214 3078 conscriptos
1242 2992 1309 3058 filio

357 3097 489 3162 dederat
500 3095 602 3174 illum,
613 3093 669 3181 qui
685 3117 747 3158 non
762 3093 869 3158 fuerat
884 3091 1130 3178 praedestinatus
1143 3093 1185 3156 ad
1199 3093 1307 3159 vitam.

359 3202 391 3268 Si
408 3225 481 3266 vero
502 3199 554 3266 alii
577 3197 783 3285 praeordinati
805 3209 907 3268 erant,
927 3195 952 3259 si
976 3194 1039 3258 labi
1062 3217 1123 3258 non
1146 3208 1307 3280 poterant,

354 3327 454 3392 quare
463 3325 523 3390 pro
531 3305 576 3366 eis
585 3313 674 3366 tanta
683 3299 853 3362 sedulitate
861 3297 949 3360 filius
957 3296 1143 3362 intercedit?
1157 3297 1307 3360 Salvandi

355 3429 433 3493 ergo
447 3417 553 3470 erant:
577 3414 609 3467 et
626 3415 730 3466 tamen
746 3399 823 3462 dum
837 3396 1122 3483 peregrinabantur
1132 3419 1152 3460 a
1167 3397 1307 3460 Domino

355 3519 488 3572 mortem
505 3513 653 3592 poterant
663 3499 846 3588 promereri,
858 3498 899 3560 ad
912 3497 1009 3560 vitam
1021 3496 1108 3560 nulla
1121 3497 1307 3562 necessitate

356 3606 640 3698 praedestinationis
661 3603 785 3669 arctati.
841 3601 1008 3668 Gloriatur
1026 3601 1099 3687 quis
1120 3601 1208 3687 quod
1232 3625 1304 3666 eum

355 3711 435 3776 nibil
457 3707 615 3796 separabit
638 3729 658 3770 a
679 3705 811 3770 caritate
833 3702 966 3782 Christi,
988 3714 1021 3766 et
1046 3714 1150 3767 tamen
1170 3703 1307 3790 castigat

355 3829 470 3896 corpus
491 3829 594 3886 suum,
615 3818 647 3868 et
661 3806 694 3868 in
718 3805 903 3866 servitutem
926 3799 1053 3886 redigit,
1075 3823 1115 3864 ne
1136 3800 1219 3864 forte
1233 3823 1306 3866 cum

354 3910 425 3976 aliis
440 3907 673 3996 praedicaverit,
688 3906 755 3989 ipse
771 3902 927 3988 reprobus
941 3901 1130 3964 inveniatur.
1177 3900 1216 3962 In
1231 3923 1308 3987 apo-

353 4011 474 4098 calypsi
496 4031 640 4096 quoque·
656 4017 826 4070 monentur
855 4001 958 4087 angeli
989 3999 1192 4066 ecclesiarum
1220 4023 1306 4068 nunc

355 4137 448 4200 agere
462 4109 681 4200 paenitentiam
701 4121 734 4172 et
754 4106 857 4193 prima
879 4126 976 4191 opera
993 4104 1106 4178 facere,
1134 4125 1174 4166 ne
1198 4127 1306 4170 move-

356 4229 429 4282 atur
449 4213 673 4280 candelabrum
697 4231 818 4284 eorum,
841 4229 925 4272 nunc
947 4221 1053 4270 tenere
1072 4205 1177 4268 locum
1199 4229 1305 4282 suum,

342 4297 395 4382 *ne
417 4317 550 4384 eundem
576 4313 666 4379 alteri
695 4311 819 4378 cedant.
867 4311 935 4372 Cur
961 4310 1017 4386 ita,
1040 4307 1067 4374 si
1092 4295 1165 4391 quae
1194 4307 1306 4374 sutura
