3425 5367
313 737 385 782 oar.
402 717 441 798 1.]
662 727 917 780 nonrcnarmns.
1204 720 1263 780 loa

315 885 429 971 ligurit,
452 885 527 972 qnia
555 884 588 948 in
619 883 665 949 eis
694 884 765 950 fons
794 883 956 967 bonitatis,
984 894 1018 948 et
1045 876 1186 950 raritatis
1205 896 1264 950 est.
1344 949 1348 954 ,

315 988 430 1056 Omnis
455 986 574 1052 etenim
597 987 695 1054 virtus
716 987 861 1072 angelica
878 998 913 1052 at
934 987 1084 1065 humana,
1102 987 1267 1075 quoddam

313 1090 486 1180 divinitatis
501 1089 670 1174 vestigium
689 1100 747 1166 est,
769 1089 914 1155 rationali
935 1099 1090 1155 creaturoe
1110 1090 1268 1177 quodam-

313 1193 408 1258 modo
416 1193 618 1279 impressum.
639 1192 773 1278 Spiritus
784 1203 912 1258 sanctus
920 1191 1102 1258 inhabitans
1110 1194 1268 1280 imprimit

312 1295 429 1360 animae
455 1294 669 1373 sanctitatem,
694 1293 903 1381 ejusdemque
924 1293 1041 1359 rivulos
1058 1295 1267 1361 multifariam

312 1397 443 1483 spargit,
473 1395 669 1460 diversarum
699 1415 850 1458 exercens
870 1395 1061 1459 charismata
1081 1396 1265 1481 gratiarum.

316 1499 360 1564 Et
374 1499 445 1564 haec
459 1497 540 1564 mihi
561 1496 688 1560 videtur
701 1517 786 1573 vera,
802 1508 835 1560 et
848 1496 945 1561 unica
966 1497 1168 1563 incolumitas
1181 1499 1268 1580 vitae,
1389 1581 1394 1588 ι

313 1623 416 1689 quum
425 1623 527 1683 mena,
536 1598 716 1664 vivificante
726 1597 848 1684 spiritu,
859 1599 901 1664 ad
909 1621 1015 1663 rerum
1026 1600 1172 1665 notitiam
1181 1600 1270 1667 illua-

315 1715 426 1782 tratur,
442 1715 476 1770 et
489 1701 676 1768 accenditur
689 1701 731 1765 ad
745 1722 888 1766 amorem
903 1701 1087 1780 honestatis,
1097 1714 1131 1768 at
1146 1708 1268 1768 cultum

315 1806 449 1872 virtutis.
494 1804 657 1872 Praecedit
670 1825 746 1889 ergo
761 1802 895 1868 scientia
909 1802 1034 1869 virtutis
1045 1803 1179 1882 cultum,
1195 1805 1271 1892 quia

316 1931 413 1974 nemo
424 1917 527 1995 potest
535 1907 674 1972 fideliter
682 1917 846 1992 appetere,
858 1905 943 1992 quod
955 1905 1091 1991 ignorat,
1103 1915 1137 1971 et
1147 1907 1270 1972 malum

262 2023 265 2030 '
317 2010 377 2076 nisi
392 2010 555 2096 cognitum
568 2008 617 2085 sit,
631 2007 752 2073 utiliter
766 2029 829 2071 non
847 2018 985 2073 cavetur.
1012 2007 1111 2073 Porro
1126 2009 1270 2075 scientiae

315 2109 1271 2198 thesaurnsnobisduobusmodisexponitur:quumautrati-

315 2216 385 2282 onis
399 2213 559 2293 exercitio,
570 2213 655 2302 quod
667 2211 739 2278 sciri
749 2222 853 2300 potest
863 2212 1046 2280 intellectus
1055 2213 1195 2279 invenit:
1211 2227 1268 2280 ant

316 2318 402 2406 quod
413 2316 634 2383 absconditum
650 2325 698 2379 est
714 2313 857 2379 revelans
883 2315 986 2400 gratia
1000 2315 1100 2380 oculis
1120 2316 1270 2401 ingerens

318 2419 478 2508 patefacit.
501 2418 555 2486 Sic
567 2416 679 2504 utique
690 2425 747 2481 aut
757 2437 815 2502 per
826 2427 985 2496 naturam,
998 2429 1054 2481 ant
1067 2418 1270 2503 pergratiam

316 2520 359 2586 ad
368 2517 508 2586 veritatis
514 2517 720 2602 agnitionem,
731 2526 764 2581 et
771 2516 937 2582 scientiam
947 2539 1069 2595 eorum,
1082 2541 1272 2606 quaenecea·

318 2619 1006 2706 sariasunt,unusqoisquepotastaccedere.
1031 2619 1193 2708 Quodque
1204 2643 1273 2687 ma·

318 2723 367 2812 gis
377 2725 504 2801 mirare,
516 2722 652 2810 quilibet
660 2722 750 2809 quasi
760 2722 922 2809 quendam
931 2722 1049 2788 libmm
1060 2723 1273 2808 sciendorum,

319 2825 422 2894 officio
436 2824 566 2891 rationis
581 2839 739 2912 apertum,
761 2821 845 2909 gerit
860 2823 892 2888 in
913 2823 1021 2889 corda.
1066 2825 1106 2890 ln
1122 2847 1188 2913 qno
1208 2847 1273 2891 non

319 2928 416 2996 rnodo
437 2926 609 2993 visibilium
632 2925 763 3014 species,
787 2949 959 3015 rarumque
989 2928 1133 2996 omnium
1161 2939 1273 2995 natura

319 3029 514 3120 depingitur,
531 3029 586 3096 sed
606 3029 704 3116 ipsius
725 3029 848 3116 opificis
862 3029 1008 3096 omnium
1023 3031 1193 3099 invisibilia
1209 3032 1273 3098 Dei

319 3135 420 3222 digito
443 3131 694 3199 conscribuntur.
740 3131 834 3198 Adeo
855 3131 987 3219 quidam
1009 3144 1047 3199 ut
1068 3155 1272 3222 nequaquam

319 3238 447 3305 valeant
475 3257 533 3323 par
555 3234 767 3320 ignorantiam
792 3234 948 3317 excusari,
973 3234 1090 3322 quibus
1114 3237 1273 3302 beneficio

321 3352 454 3422 naturae,
484 3337 535 3404 vel
562 3337 685 3424 gratita,
714 3337 930 3423 gerendorum
967 3337 1064 3403 series
1092 3337 1272 3407 innotescit.

323 3442 413 3510 Sicut
427 3441 579 3529 scriptum
599 3454 665 3506 astr
689 3439 786 3518 Quod
801 3439 889 3504 enim
905 3451 1017 3504 notum
1041 3449 1091 3505 est
1106 3441 1182 3521 Dei,
1204 3464 1272 3508 ma·

321 3545 469 3612 nitentum
482 3555 531 3610 est
545 3543 578 3610 in
593 3543 664 3612 illis.
710 3543 899 3608 Deusenirn
915 3541 1151 3612 revelaritillia.
1197 3544 1272 3610 Non

321 3659 429 3714 tamen
451 3658 608 3734 corruptas
630 3657 752 3714 naturae
773 3647 925 3712 adversm
945 3647 1080 3732 gratiam
1102 3648 1274 3733 magnifico

321 3748 474 3833 fimbrias,
494 3762 550 3816 aut
571 3749 716 3836 phaleras
735 3749 834 3835 erigo,
852 3749 943 3838 qnasi
965 3749 1034 3836 ipsa
1055 3749 1176 3838 aliquid
1196 3751 1274 3818 boni

322 3851 439 3918 haheat
453 3851 539 3940 quod
550 3873 613 3916 non
629 3852 802 3938 acceperit3
817 3873 918 3938 quum
934 3862 1058 3916 certum
1070 3851 1110 3918 ait
1120 3851 1275 3940 quiaaine

321 3975 361 4020 ea
382 3953 461 4020 nihil
487 3976 653 4042 possumrn
674 3954 789 4020 lacere.
836 3953 969 4039 Agnitio
997 3954 1095 4040 igitur
1122 3954 1275 4035 veritatis,

322 4056 489 4144 cultusque
510 4055 647 4132 sinatis,
669 4055 799 4141 publica
820 4055 1030 4142 singulorum,
1059 4068 1093 4122 at
1117 4058 1274 4137 omnium,

322 4169 357 4218 et
370 4155 531 4221 rationalis
545 4173 679 4233 naturae,
691 4155 876 4222 universalia
886 4157 1088 4223 incolumitas
1097 4169 1155 4226 ast.
1188 4161 1277 4226 Con·

324 4255 457 4322 ararium
482 4279 557 4322 raro
580 4260 651 4346 ejus
676 4257 865 4343 ignorantia,
890 4271 924 4324 et
944 4258 1072 4326 odibilis
1092 4272 1127 4326 et
1147 4261 1278 4328 inimica

325 4377 466 4446 propago
480 4357 559 4444 ejus,
569 4357 681 4424 vitium
697 4371 754 4424 ast.
793 4363 839 4426 Et
853 4372 940 4426 recte
955 4361 1087 4446 quidam
1103 4363 1283 4446 ignorantia

771 4481 797 4524 ar
813 4471 833 4528 2
