3425 5367
463 690 505 751 66
708 704 844 749 sossius
860 703 1136 750 ssunsanmnusrs
1277 686 1361 767 [mn.
1379 704 1418 749 11.

466 878 523 942 per
546 866 649 921 toturn
671 877 799 920 annum.
846 854 908 919 Sed
934 867 966 919 et
989 867 1063 919 ante
1085 854 1200 919 excidii
1225 867 1354 942 tempus
1379 860 1416 920 ac

467 954 554 1035 belli,
565 979 665 1043 quum
678 956 790 1043 populi
802 958 844 1021 ad
856 956 939 1021 diem
949 957 1068 1021 festum
1077 956 1293 1035 convenirent,
1302 969 1416 1021 octavo

467 1056 519 1121 die
534 1059 650 1123 mensis
674 1058 840 1135 Xanthioi,
855 1061 912 1144 qui
931 1071 979 1123 est
997 1058 1130 1145 Aprilis,
1146 1058 1418 1144 omnitempore,

467 1161 546 1225 hora
568 1184 651 1225 nona
676 1172 784 1226 tantus
807 1160 937 1225 luminis
957 1160 1065 1245 fulgor
1086 1183 1173 1224 aram
1196 1160 1417 1247 templumque

467 1262 689 1339 circumdedit,
719 1276 756 1327 ut
781 1276 931 1348 putarent
959 1284 1068 1326 omnes
1096 1261 1180 1326 diem
1210 1261 1419 1326 clarissimum

469 1366 602 1445 factum,
622 1378 654 1431 ct
683 1366 856 1453 permansit
879 1367 982 1451 spatio
1010 1366 1096 1429 horae
1125 1366 1278 1431 dimidiae.
1321 1366 1419 1441 Quod

467 1467 623 1555 imperitis
652 1468 782 1555 quidem
813 1481 844 1533 et
870 1468 989 1553 ignaris
1016 1490 1205 1554 prosperum
1228 1468 1415 1533 videbatur:

468 1570 523 1633 sed
540 1570 747 1656 legisperitos,
758 1581 790 1635 et
802 1571 920 1657 probos
935 1592 1081 1656 quosque
1090 1570 1235 1635 doctores
1249 1593 1312 1635 non
1323 1571 1420 1637 latuit

468 1670 596 1736 exitiale
625 1684 820 1757 portentum.
878 1673 918 1735 ln
946 1671 1058 1735 eadem
1087 1694 1217 1758 quoque
1244 1671 1419 1737 festivitate

469 1773 571 1839 vitula
586 1774 745 1838 sacrificiis
766 1774 907 1850 admota,
926 1787 960 1837 et
979 1775 1043 1837 aris
1061 1777 1220 1851 assistens,
1235 1774 1320 1838 inter
1332 1775 1418 1860 ipsas

469 1874 685 1939 ministrorum
706 1896 819 1940 manus
838 1875 933 1939 enixa
951 1891 999 1939 est
1019 1898 1144 1959 agnam.
1190 1875 1254 1939 sed
1268 1889 1301 1941 et
1317 1878 1419 1963 janua

470 1975 630 2041 interioris
653 1976 741 2056 aedis,
762 2000 836 2062 quae
860 1977 1048 2062 respiciebat
1068 1976 1108 2040 ad
1129 1979 1295 2054 orientem,
1317 2000 1420 2064 quum

470 2088 551 2140 esset
567 2099 629 2139 aere
644 2076 745 2141 solido
760 2076 886 2153 induta,
900 2100 937 2140 ac
955 2076 1088 2163 perinde
1102 2076 1246 2141 immensi
1260 2078 1422 2164 ponderis,

471 2198 545 2260 quae
573 2174 626 2238 vix
652 2176 765 2261 viginti
791 2176 867 2239 viris
889 2199 1014 2240 summo
1039 2192 1157 2241 conatu
1183 2177 1421 2264 impellentibus

471 2276 685 2356 clauderetur,
700 2278 810 2342 ferreis
825 2302 956 2365 quoque
971 2279 1116 2343 vectibus
1137 2292 1169 2344 et
1192 2280 1269 2345 seris
1283 2280 1420 2357 munita,

471 2400 508 2441 ao
522 2380 657 2465 pessulis
675 2381 707 2445 in
729 2380 830 2445 altum
850 2380 994 2445 demissis
1013 2394 1174 2447 teneretur
1192 2382 1356 2459 obstricta,
1372 2405 1421 2447 re-

472 2491 568 2565 pente
582 2478 661 2545 hora
674 2481 776 2545 noctis
793 2494 895 2560 sexta,
909 2483 1014 2567 prima
1027 2497 1060 2548 et
1074 2483 1222 2548 vicesima
1241 2484 1292 2547 die
1306 2482 1422 2547 mensis

472 2584 623 2669 apparuit
653 2598 765 2671 sponte
793 2584 962 2669 patefacta.
1020 2586 1083 2650 Sed
1112 2599 1145 2651 et
1180 2599 1339 2651 transacto
1367 2585 1421 2651 die

474 2682 566 2764 sesto,
580 2697 653 2769 post
667 2684 790 2771 aliquot
813 2684 893 2761 dies,
910 2686 1013 2770 prima
1026 2699 1059 2751 et
1073 2687 1227 2771 vigesima
1239 2687 1292 2751 die
1306 2686 1421 2751 mensis

473 2787 650 2869 Artemisii‚
665 2788 722 2875 qui
743 2788 831 2875 apud
853 2811 911 2853 nos
935 2789 1044 2854 Maius
1063 2803 1206 2870 vocatur,
1220 2789 1422 2876 prodigiosus

473 2894 624 2976 apparuit
639 2892 735 2966 visus,
752 2905 784 2956 et
807 2892 901 2956 iidem
924 2914 1004 2977 pene
1025 2892 1190 2958 excedens.
1234 2892 1329 2970 Quod
1351 2913 1422 2955 vere

473 2991 589 3057 falsum
613 3004 793 3077 putaretur,
809 2994 868 3057 nisi
890 2992 1057 3057 oculorum
1079 2994 1173 3057 fidem
1197 2994 1423 3066 confirmasset,

476 3091 630 3155 malorum
651 3105 848 3176 consequuta
867 3091 1031 3178 pernicies.
1077 3093 1205 3157 Etenim
1228 3117 1328 3180 prope
1345 3094 1426 3159 Solis

475 3212 632 3269 occasum,
644 3192 703 3256 visi
719 3208 792 3258 sunt
805 3215 919 3258 currus
929 3205 961 3256 et
971 3192 1138 3278 quadrigas
1152 3193 1184 3255 in
1199 3197 1287 3257 omni
1296 3200 1425 3279 regione

476 3314 533 3378 per
548 3315 663 3369 aerem,
687 3306 719 3361 et
741 3281 1103 3360 armatorummhortes
1124 3293 1249 3357 misceri
1270 3294 1425 3376 nubibus,

476 3408 508 3460 et
532 3397 626 3461 urbes
649 3397 838 3463 circumdari
861 3395 1040 3480 agminibus
1063 3394 1251 3481 improvisis.
1299 3397 1339 3459 In
1361 3398 1426 3461 alio

476 3501 551 3563 item
582 3500 634 3563 die
662 3500 753 3579 festo,
784 3500 839 3585 qui
876 3501 1078 3561 Pentecostes
1105 3495 1298 3581 appellatur,
1327 3486 1433 3563 noctu·

477 3600 654 3663 sacerdotes
676 3601 809 3685 ingressi
831 3602 998 3685 templum,
1019 3598 1059 3660 ad
1081 3598 1254 3662 ministeria
1275 3621 1316 3661 ex
1338 3622 1425 3664 more

477 3701 675 3787 complenda,
690 3702 794 3787 primo
808 3701 940 3787 quidem
956 3712 1060 3765 motus
1074 3701 1243 3786 quosdam,
1260 3701 1427 3787 strepitus-

408 3812 413 3821 “
477 3827 542 3890 que
557 3816 731 3881 senserunt,
747 3817 816 3867 turn
840 3802 955 3866 deinde
970 3826 1062 3867 voces
1085 3802 1207 3867 subitas
1226 3802 1362 3867 audiunt
1379 3804 1425 3869 di·

477 3918 596 3982 centes,
619 3906 799 3991 Migremus
821 3906 906 3983 bino,
931 3904 1103 3990 migremus
1126 3929 1166 3968 ex
1193 3905 1323 3969 sedibus
1348 3905 1426 3971 istis.

479 4008 626 4073 Additur
641 4009 689 4072 his
704 4010 798 4073 etiam
819 4008 904 4073 aliud
928 4008 1119 4072 terribilius:
1145 4007 1272 4072 Etenim
1294 4007 1425 4093 quidam

479 4114 615 4177 Ananiae
631 4112 715 4176 filius
731 4114 753 4174 J
756 4135 827 4176 esus
842 4115 979 4193 nomine,
993 4111 1041 4173 vir
1060 4110 1203 4197 plebeius
1222 4124 1255 4174 et
1275 4110 1425 4186 rusticus,

477 4228 509 4279 et
531 4228 607 4298 ante¹
618 4227 769 4299 quartum
786 4214 862 4277 belli
877 4236 1006 4292 annum,
1019 4237 1120 4298 quum
1135 4214 1248 4279 civitas
1260 4212 1290 4275 in
1307 4236 1384 4298 pace
1394 4226 1428 4276 et

478 4316 675 4382 abundantia
695 4316 894 4402 perduraret,
910 4315 941 4378 in
961 4316 1014 4379 die
1034 4317 1117 4381 festo
1137 4314 1425 4390 tabernaculorum,
