3425 5367
444 749 504 808 102
703 765 839 809 roannrs
854 763 1134 808 smnsunarausrs
1259 745 1342 824 [arn.
1357 765 1398 807 11.

444 927 526 978 turae
541 914 592 989 sit,
608 914 906 1000 potentioribusque
925 913 1092 978 cohaereat-
1141 911 1235 978 Unde
1249 912 1396 999 plerique

444 1038 516 1080 eum
544 1019 717 1102 praesulem
739 1015 931 1102 eloquentiae
955 1018 1141 1102 opinantur,
1163 1037 1202 1078 eo
1228 1014 1316 1100 quod
1343 1015 1397 1079 illa

441 1114 558 1198 juncta
586 1113 748 1199 sapientiae
778 1112 952 1198 plurimum
982 1115 1096 1199 prosit,
1120 1111 1252 1178 malitiae
1281 1112 1398 1176 sociata

442 1231 554 1280 noceat
583 1215 770 1300 plurimum.
822 1216 903 1278 Haec
932 1214 1061 1300 quidem
1091 1214 1151 1278 etsi
1181 1237 1245 1278 non
1273 1214 1395 1290 docuit,

444 1329 561 1382 sectam
577 1329 682 1381 tamen
698 1317 814 1380 erroris
827 1316 936 1400 attigit
953 1316 1116 1395 Lucanus,
1131 1338 1232 1401 quum
1249 1316 1394 1381 timorem

443 1418 532 1482 urbis
546 1417 756 1498 describeret;
780 1416 966 1503 bellumque
983 1416 1075 1482 civile
1095 1417 1275 1482 necessariis
1298 1430 1396 1483 astro-

445 1522 561 1584 nomiae
605 1521 802 1604 argumentis
849 1518 1074 1584 inevitabiliter
1119 1519 1396 1606 appropinquante

444 1621 570 1684 Caesare
604 1621 750 1686 futurum
779 1621 995 1686 denunciaret.
1040 1620 1151 1685 lnnuit
1180 1619 1264 1684 enim
1295 1623 1395 1685 Poeta

442 1722 652 1798 doctissimus,
677 1723 702 1788 si
726 1737 831 1788 tamen
857 1726 957 1788 Poeta
982 1721 1138 1786 dicendus
1160 1734 1218 1797 est,
1241 1724 1298 1807 qui
1321 1745 1394 1786 vera

401 1847 404 1852 ¹
442 1825 621 1890 narratione
644 1847 749 1890 rerum
775 1824 816 1888 ad
840 1823 1006 1888 historicos
1030 1823 1133 1908 magis
1154 1823 1286 1900 accedit,
1310 1823 1396 1887 illius

441 1925 593 1988 malitiam
617 1925 878 2009 irrefragabiliter
901 1923 1149 2010 adimplendam,
1171 1924 1227 2009 qui
1252 1924 1339 1989 solus
1360 1925 1392 1988 iu

443 2025 558 2090 throno
576 2027 623 2092 sui
644 2025 797 2090 domicilii
820 2026 989 2091 residebat.
1035 2027 1080 2090 Et
1095 2026 1169 2091 licet
1183 2025 1304 2111 figulus
1319 2029 1395 2090 Par-

442 2148 551 2190 carum
573 2127 702 2192 consilia
724 2128 885 2205 discutiat,
906 2140 1109 2214 mentemque
1128 2127 1303 2204 stellarum,
1323 2151 1391 2192 cor·

440 2249 553 2312 porum
571 2236 674 2292 tamen
687 2253 759 2315 quae
774 2229 935 2307 videntur,
945 2229 1089 2292 nondum
1104 2233 1230 2315 plenam
1245 2229 1390 2295 notitiam

440 2329 586 2409 tradidit,
600 2353 700 2415 quum
721 2332 753 2394 in
770 2343 838 2396 tota
852 2331 1154 2396 Mathematicorum
1165 2330 1271 2406 domo,
1286 2331 1391 2394 adbuc

445 2453 508 2494 non
535 2433 575 2498 sit
604 2435 739 2519 quaestio
768 2434 932 2520 expedita,
961 2458 1002 2498 an
1027 2456 1067 2498 ex
1097 2433 1262 2498 elementis
1289 2433 1393 2498 sidera

437 2547 593 2610 constent,
610 2557 649 2598 an
666 2559 704 2598 ex
726 2534 842 2620 quinta
861 2536 1007 2614 essentia,
1023 2558 1120 2621 quam
1143 2535 1329 2601 Aristoteles
1343 2535 1392 2598 iu·

438 2635 587 2702 troducit.
633 2637 716 2700 Nam
738 2635 825 2722 quod
841 2635 887 2700 eis
900 2636 1056 2722 objiciunt
1072 2637 1175 2723 pueri,
1190 2636 1298 2700 mollia
1313 2636 1388 2712 sint,

436 2761 477 2802 an
499 2739 592 2818 dure,
611 2752 642 2804 et
665 2739 690 2803 si
711 2738 789 2826 quid
811 2723 996 2826 liujusmodi
1010 2753 1070 2820 est,
1091 2739 1188 2804 etiam
1202 2738 1313 2803 audire
1334 2737 1390 2801 de·

436 2838 621 2924 dignantur,
645 2840 791 2924 quamvis
814 2841 942 2926 aliquos
962 2841 1110 2921 famosos,
1132 2853 1165 2905 et
1187 2861 1244 2904 suo
1265 2837 1388 2924 judicio

435 2939 602 3021 sapientes,
640 2944 672 3004 in
703 2941 820 3006 talibus
857 2942 991 3005 viderim
1026 2941 1200 3006 miserrime
1235 2939 1387 3005 laborare.

434 3039 622 3121 Expediunt
645 3052 761 3120 tamen,
783 3053 815 3104 et
838 3041 905 3103 suis
930 3041 1108 3104 rationibus
1133 3042 1282 3124 probant,
1304 3038 1384 3126 quid

434 3136 501 3204 fata
534 3137 719 3216 deliberent,
757 3154 788 3206 et
822 3140 1019 3224 deprehensa
1053 3139 1200 3204 voluntas
1234 3140 1387 3216 siderum,

431 3259 527 3322 quem
540 3237 570 3302 iu
587 3237 752 3303 sublunari
766 3239 865 3324 globo
879 3229 1030 3303 sortiatur
1044 3236 1203 3301 effectum.
1240 3240 1286 3300 Et
1301 3238 1386 3300 forte

432 3340 586 3406 sententia
600 3341 738 3406 numinis
759 3342 849 3408 irrita
871 3355 930 3422 est,
945 3363 1041 3426 quam
1057 3361 1120 3404 non
1132 3336 1383 3402 'mathematicus

432 3444 571 3528 profert:
596 3446 641 3511 ait
657 3469 752 3530 ergo;

537 3545 615 3606 Quod
627 3543 708 3597 cladis
719 3561 811 3610 genus,
823 3562 838 3594 o
849 3545 945 3613 superi,
957 3560 1010 3611 qua
1020 3547 1094 3613 peste
1105 3540 1202 3609 paratis

536 3628 684 3678 Saevitiam?
703 3629 794 3678 oeterni
806 3627 945 3680 multorum
956 3633 1058 3698 tempus
1068 3628 1096 3678 in
1107 3643 1188 3678 unum

535 3713 687 3786 Convenere
699 3713 766 3764 dies:
786 3730 885 3764 summo
896 3716 919 3766 si
930 3712 1027 3782 frigida
1038 3712 1104 3766 coelo

535 3795 618 3848 Stella
629 3815 723 3850 nocens
733 3799 822 3866 nigros
834 3801 938 3852 Saturni
950 3801 1103 3853 accenderet
1113 3801 1199 3867 ignes,

531 3882 720 3936 Deucalioneos
731 3883 842 3938 fudisset
853 3884 986 3955 Aquarius
995 3888 1101 3950 imbres,

530 3969 650 4036 Totaque
661 3969 755 4022 diffuso
765 3970 886 4024 latuisset
895 3973 923 4024 in
934 3987 1037 4042 equore
1048 3971 1135 4025 tellus.

531 4055 559 4106 Si
571 4072 668 4108 saevum
679 4056 759 4108 radiis
771 4057 927 4112 Nemeaeum
940 4059 1042 4112 Phoebe
1055 4059 1171 4110 Leonem

531 4139 609 4192 Nunc
620 4158 758 4212 premeres,
772 4147 827 4195 toto
838 4143 950 4196 fluerent
961 4144 1083 4197 incendia
1093 4142 1199 4206 mundo,

531 4225 725 4294 Succensusque
737 4227 788 4278 tuis
800 4227 938 4294 flagrasset
949 4228 1063 4280 curribus
1075 4228 1165 4280 aether.

531 4309 570 4360 Hi
582 4315 684 4362 cessant
695 4310 782 4377 ignes:
801 4315 829 4363 tu
842 4312 885 4380 qui
896 4311 1026 4380 flagrante
1038 4314 1180 4364 minantem

528 4395 650 4467 Scorpion
661 4395 776 4449 incendis
789 4397 880 4463 canda,
893 4396 1031 4467 chelasque
1043 4399 1153 4468 peruris,
