<?xml version="1.0" encoding="UTF-8"?>
<!DOCTYPE html PUBLIC "-//W3C//DTD XHTML 1.0 Transitional//EN"
    "http://www.w3.org/TR/xhtml1/DTD/xhtml1-transitional.dtd">
<html xmlns="http://www.w3.org/1999/xhtml" xml:lang="en" lang="en">
 <head>
  <title>
</title>
<meta http-equiv="Content-Type" content="text/html;charset=utf-8" />
  <meta name='ocr-system' content='tesseract 3.04.00' />
  <meta name='ocr-capabilities' content='ocr_page ocr_carea ocr_par ocr_line ocrx_word'/>
</head>
<body>
  <div class='ocr_page' id='page_1' title='image "./operaomnianuncp04johngoog_0323.png"; bbox 0 0 3425 5367; ppageno 0'>
   <div class='ocr_carea' id='block_1_1' title="bbox 458 658 1418 738">
    <p class='ocr_par' dir='ltr' id='par_1_1' title="bbox 458 658 1418 738">
     <span class='ocr_line' id='line_1_1' title="bbox 458 658 1418 738; baseline -0.006 -11"><span class='ocrx_word' id='word_1_1' title='bbox 458 668 521 729; x_wconf 76' lang='lat'><strong>810</strong></span> <span class='ocrx_word' id='word_1_2' title='bbox 714 676 850 722; x_wconf 78' lang='lat' dir='ltr'><strong>rornnrs</strong></span> <span class='ocrx_word' id='word_1_3' title='bbox 865 674 1143 725; x_wconf 68' lang='lat' dir='ltr'><strong>senesanarnnsrs</strong></span> <span class='ocrx_word' id='word_1_4' title='bbox 1289 658 1371 738; x_wconf 81' lang='lat' dir='ltr'><strong>[ura.</strong></span> <span class='ocrx_word' id='word_1_5' title='bbox 1385 679 1418 723; x_wconf 90' lang='lat' dir='ltr'><strong>v.</strong></span> 
     </span>
    </p>
   </div>
   <div class='ocr_carea' id='block_1_2' title="bbox 465 828 1421 1621">
    <p class='ocr_par' dir='ltr' id='par_1_2' title="bbox 465 828 1421 1621">
     <span class='ocr_line' id='line_1_2' title="bbox 465 828 1419 913; baseline -0.004 -16"><span class='ocrx_word' id='word_1_6' title='bbox 465 832 628 897; x_wconf 90' lang='lat' dir='ltr'><strong>dominum</strong></span> <span class='ocrx_word' id='word_1_7' title='bbox 645 829 774 893; x_wconf 86' lang='lat' dir='ltr'><strong>vendat.</strong></span> <span class='ocrx_word' id='word_1_8' title='bbox 819 830 931 893; x_wconf 92' lang='lat' dir='ltr'><strong>Omnis</strong></span> <span class='ocrx_word' id='word_1_9' title='bbox 947 831 1032 893; x_wconf 91' lang='lat' dir='ltr'><strong>enim</strong></span> <span class='ocrx_word' id='word_1_10' title='bbox 1053 830 1265 911; x_wconf 75' lang='lat' dir='ltr'><strong>magistratus,</strong></span> <span class='ocrx_word' id='word_1_11' title='bbox 1284 828 1419 913; x_wconf 66' lang='lat' dir='ltr'><strong>justitiae</strong></span> 
     </span>
     <span class='ocr_line' id='line_1_3' title="bbox 466 931 1420 1021; baseline -0.005 -23"><span class='ocrx_word' id='word_1_12' title='bbox 466 934 604 998; x_wconf 83' lang='lat' dir='ltr'><strong>famulus</strong></span> <span class='ocrx_word' id='word_1_13' title='bbox 627 941 684 994; x_wconf 87' lang='lat' dir='ltr'><strong>est.</strong></span> <span class='ocrx_word' id='word_1_14' title='bbox 718 931 865 1021; x_wconf 16' lang='lat' dir='ltr'><strong>‘Constat</strong></span> <span class='ocrx_word' id='word_1_15' title='bbox 890 933 974 995; x_wconf 87' lang='lat' dir='ltr'><strong>enim</strong></span> <span class='ocrx_word' id='word_1_16' title='bbox 1000 932 1075 1015; x_wconf 85' lang='lat' dir='ltr'><strong>quia</strong></span> <span class='ocrx_word' id='word_1_17' title='bbox 1100 932 1235 1015; x_wconf 84' lang='lat' dir='ltr'><strong>aequites</strong></span> <span class='ocrx_word' id='word_1_18' title='bbox 1263 932 1420 995; x_wconf 84' lang='lat' dir='ltr'><strong>alienatur</strong></span> 
     </span>
     <span class='ocr_line' id='line_1_4' title="bbox 467 1032 1420 1117; baseline -0.005 -17"><span class='ocrx_word' id='word_1_19' title='bbox 467 1059 485 1100; x_wconf 88' lang='lat' dir='ltr'><strong>a</strong></span> <span class='ocrx_word' id='word_1_20' title='bbox 515 1033 691 1109; x_wconf 85' lang='lat' dir='ltr'><strong>venditore,</strong></span> <span class='ocrx_word' id='word_1_21' title='bbox 719 1033 796 1096; x_wconf 90' lang='lat' dir='ltr'><strong>licet</strong></span> <span class='ocrx_word' id='word_1_22' title='bbox 824 1032 866 1095; x_wconf 84' lang='lat' dir='ltr'><strong>ed</strong></span> <span class='ocrx_word' id='word_1_23' title='bbox 904 1046 1080 1117; x_wconf 83' lang='lat' dir='ltr'><strong>emptorem</strong></span> <span class='ocrx_word' id='word_1_24' title='bbox 1113 1054 1177 1096; x_wconf 91' lang='lat' dir='ltr'><strong>non</strong></span> <span class='ocrx_word' id='word_1_25' title='bbox 1208 1043 1359 1107; x_wconf 86' lang='lat' dir='ltr'><strong>transeat,</strong></span> <span class='ocrx_word' id='word_1_26' title='bbox 1388 1042 1420 1095; x_wconf 90' lang='lat' dir='ltr'><strong>et</strong></span> 
     </span>
     <span class='ocr_line' id='line_1_5' title="bbox 466 1134 1418 1219; baseline -0.002 -20"><span class='ocrx_word' id='word_1_27' title='bbox 466 1146 576 1219; x_wconf 86' lang='lat' dir='ltr'><strong>empta</strong></span> <span class='ocrx_word' id='word_1_28' title='bbox 607 1134 759 1217; x_wconf 83' lang='lat' dir='ltr'><strong>iniquitas</strong></span> <span class='ocrx_word' id='word_1_29' title='bbox 788 1134 833 1197; x_wconf 86' lang='lat' dir='ltr'><strong>sic</strong></span> <span class='ocrx_word' id='word_1_30' title='bbox 865 1134 904 1197; x_wconf 87' lang='lat' dir='ltr'><strong>ad</strong></span> <span class='ocrx_word' id='word_1_31' title='bbox 939 1148 1111 1217; x_wconf 78' lang='lat' dir='ltr'><strong>emptorem</strong></span> <span class='ocrx_word' id='word_1_32' title='bbox 1147 1136 1269 1213; x_wconf 84' lang='lat' dir='ltr'><strong>transit,</strong></span> <span class='ocrx_word' id='word_1_33' title='bbox 1299 1146 1335 1197; x_wconf 90' lang='lat' dir='ltr'><strong>ut</strong></span> <span class='ocrx_word' id='word_1_34' title='bbox 1363 1156 1418 1197; x_wconf 91' lang='lat' dir='ltr'><strong>ne·</strong></span> 
     </span>
     <span class='ocr_line' id='line_1_6' title="bbox 467 1226 1421 1322; baseline 0 -21"><span class='ocrx_word' id='word_1_35' title='bbox 467 1258 628 1322; x_wconf 88' lang='lat' dir='ltr'><strong>quaquam</strong></span> <span class='ocrx_word' id='word_1_36' title='bbox 657 1257 678 1299; x_wconf 88' lang='lat' dir='ltr'><strong>a</strong></span> <span class='ocrx_word' id='word_1_37' title='bbox 707 1235 872 1299; x_wconf 82' lang='lat' dir='ltr'><strong>venditore</strong></span> <span class='ocrx_word' id='word_1_38' title='bbox 900 1236 1039 1300; x_wconf 82' lang='lat' dir='ltr'>recedat.</span> <span class='ocrx_word' id='word_1_39' title='bbox 1089 1238 1133 1300; x_wconf 89' lang='lat' dir='ltr'><strong>Et</strong></span> <span class='ocrx_word' id='word_1_40' title='bbox 1169 1236 1256 1320; x_wconf 91' lang='lat' dir='ltr'><strong>quod</strong></span> <span class='ocrx_word' id='word_1_41' title='bbox 1286 1226 1320 1301; x_wconf 83' lang='lat' dir='ltr'><strong>in&#39;</strong></span> <span class='ocrx_word' id='word_1_42' title='bbox 1348 1237 1421 1301; x_wconf 84' lang='lat' dir='ltr'><strong>eliis</strong></span> 
     </span>
     <span class='ocr_line' id='line_1_7' title="bbox 467 1338 1420 1423; baseline -0.002 -20"><span class='ocrx_word' id='word_1_43' title='bbox 467 1339 687 1403; x_wconf 90' lang='lat' dir='ltr'><strong>contractibus</strong></span> <span class='ocrx_word' id='word_1_44' title='bbox 701 1359 767 1399; x_wconf 91' lang='lat' dir='ltr'><strong>non</strong></span> <span class='ocrx_word' id='word_1_45' title='bbox 781 1338 949 1421; x_wconf 90' lang='lat' dir='ltr'><strong>reperitur,</strong></span> <span class='ocrx_word' id='word_1_46' title='bbox 960 1340 1047 1403; x_wconf 89' lang='lat' dir='ltr'><strong>solus</strong></span> <span class='ocrx_word' id='word_1_47' title='bbox 1062 1340 1118 1403; x_wconf 91' lang='lat' dir='ltr'><strong>ille</strong></span> <span class='ocrx_word' id='word_1_48' title='bbox 1128 1339 1285 1423; x_wconf 74' lang='lat' dir='ltr'><strong>justitiam</strong></span> <span class='ocrx_word' id='word_1_49' title='bbox 1299 1338 1420 1415; x_wconf 87' lang='lat' dir='ltr'><strong>vendit,</strong></span> 
     </span>
     <span class='ocr_line' id='line_1_8' title="bbox 468 1436 1421 1523; baseline -0.001 -21"><span class='ocrx_word' id='word_1_50' title='bbox 468 1440 603 1523; x_wconf 90' lang='lat' dir='ltr'><strong>quinon</strong></span> <span class='ocrx_word' id='word_1_51' title='bbox 618 1438 726 1501; x_wconf 88' lang='lat' dir='ltr'><strong>habet.</strong></span> <span class='ocrx_word' id='word_1_52' title='bbox 757 1436 923 1521; x_wconf 87' lang='lat' dir='ltr'>Siquidem</span> <span class='ocrx_word' id='word_1_53' title='bbox 940 1451 1013 1503; x_wconf 86' lang='lat' dir='ltr'><strong>ente</strong></span> <span class='ocrx_word' id='word_1_54' title='bbox 1030 1439 1257 1503; x_wconf 80' lang='lat' dir='ltr'><strong>commercium</strong></span> <span class='ocrx_word' id='word_1_55' title='bbox 1269 1438 1421 1522; x_wconf 85' lang='lat' dir='ltr'><strong>relinquit</strong></span> 
     </span>
     <span class='ocr_line' id='line_1_9' title="bbox 468 1538 1421 1621; baseline -0.003 -16"><span class='ocrx_word' id='word_1_56' title='bbox 468 1540 632 1605; x_wconf 87' lang='lat' dir='ltr'><strong>sordidum</strong></span> <span class='ocrx_word' id='word_1_57' title='bbox 655 1538 863 1603; x_wconf 88' lang='lat' dir='ltr'><strong>venditorem.</strong></span> <span class='ocrx_word' id='word_1_58' title='bbox 910 1541 1028 1603; x_wconf 86' lang='lat' dir='ltr'>Nonne</span> <span class='ocrx_word' id='word_1_59' title='bbox 1051 1539 1199 1603; x_wconf 86' lang='lat' dir='ltr'><strong>sordidus</strong></span> <span class='ocrx_word' id='word_1_60' title='bbox 1221 1550 1281 1617; x_wconf 87' lang='lat' dir='ltr'><strong>est,</strong></span> <span class='ocrx_word' id='word_1_61' title='bbox 1300 1540 1355 1621; x_wconf 92' lang='lat' dir='ltr'><strong>qui</strong></span> <span class='ocrx_word' id='word_1_62' title='bbox 1378 1539 1421 1603; x_wconf 86' lang='lat' dir='ltr'><strong>ad</strong></span> 
     </span>
    </p>
   </div>
   <div class='ocr_carea' id='block_1_3' title="bbox 367 1640 1422 1724">
    <p class='ocr_par' dir='ltr' id='par_1_3' title="bbox 367 1640 1422 1724">
     <span class='ocr_line' id='line_1_10' title="bbox 367 1640 1422 1724; baseline -0.001 -18"><span class='ocrx_word' id='word_1_63' title='bbox 367 1708 372 1719; x_wconf 75' lang='grc'><em>,</em></span> <span class='ocrx_word' id='word_1_64' title='bbox 469 1653 629 1724; x_wconf 78' lang='lat' dir='ltr'><strong>acceptas,</strong></span> <span class='ocrx_word' id='word_1_65' title='bbox 645 1641 694 1703; x_wconf 86' lang='lat' dir='ltr'><strong>rel</strong></span> <span class='ocrx_word' id='word_1_66' title='bbox 715 1640 838 1702; x_wconf 84' lang='lat' dir='ltr'><strong>oblatas</strong></span> <span class='ocrx_word' id='word_1_67' title='bbox 860 1640 981 1718; x_wconf 88' lang='lat' dir='ltr'><strong>sordes,</strong></span> <span class='ocrx_word' id='word_1_68' title='bbox 997 1641 1227 1705; x_wconf 81' lang='lat' dir='ltr'><strong>conscientiam</strong></span> <span class='ocrx_word' id='word_1_69' title='bbox 1248 1640 1374 1723; x_wconf 87' lang='lat' dir='ltr'><strong>polluit,</strong></span> <span class='ocrx_word' id='word_1_70' title='bbox 1389 1648 1422 1705; x_wconf 89' lang='lat' dir='ltr'><strong>et</strong></span> 
     </span>
    </p>
   </div>
   <div class='ocr_carea' id='block_1_4' title="bbox 468 1739 1428 4348">
    <p class='ocr_par' dir='ltr' id='par_1_4' title="bbox 468 1739 1428 4348">
     <span class='ocr_line' id='line_1_11' title="bbox 468 1739 1418 1825; baseline -0.003 -19"><span class='ocrx_word' id='word_1_71' title='bbox 468 1765 534 1807; x_wconf 90' lang='lat' dir='ltr'><strong>non</strong></span> <span class='ocrx_word' id='word_1_72' title='bbox 545 1754 609 1805; x_wconf 89' lang='lat' dir='ltr'><strong>tam</strong></span> <span class='ocrx_word' id='word_1_73' title='bbox 613 1742 772 1825; x_wconf 84' lang='lat' dir='ltr'><strong>justitiam</strong></span> <span class='ocrx_word' id='word_1_74' title='bbox 785 1742 927 1805; x_wconf 89' lang='lat' dir='ltr'><strong>venalem</strong></span> <span class='ocrx_word' id='word_1_75' title='bbox 938 1742 1047 1819; x_wconf 87' lang='lat' dir='ltr'><strong>habet,</strong></span> <span class='ocrx_word' id='word_1_76' title='bbox 1057 1763 1152 1825; x_wconf 87' lang='lat' dir='ltr'><strong>quam</strong></span> <span class='ocrx_word' id='word_1_77' title='bbox 1162 1742 1301 1805; x_wconf 86' lang='lat' dir='ltr'><strong>animam</strong></span> <span class='ocrx_word' id='word_1_78' title='bbox 1312 1739 1418 1805; x_wconf 81' lang='lat' dir='ltr'><strong>suam?</strong></span> 
     </span>
     <span class='ocr_line' id='line_1_12' title="bbox 469 1842 1421 1923; baseline -0.002 -16"><span class='ocrx_word' id='word_1_79' title='bbox 469 1846 593 1908; x_wconf 86' lang='lat' dir='ltr'><strong>Doctor</strong></span> <span class='ocrx_word' id='word_1_80' title='bbox 619 1842 761 1923; x_wconf 86' lang='lat' dir='ltr'><strong>gentium</strong></span> <span class='ocrx_word' id='word_1_81' title='bbox 786 1842 923 1919; x_wconf 85' lang='lat' dir='ltr'><strong>divitias,</strong></span> <span class='ocrx_word' id='word_1_82' title='bbox 950 1844 1097 1917; x_wconf 87' lang='lat' dir='ltr'>honores,</span> <span class='ocrx_word' id='word_1_83' title='bbox 1125 1852 1158 1905; x_wconf 92' lang='lat' dir='ltr'><strong>et</strong></span> <span class='ocrx_word' id='word_1_84' title='bbox 1183 1844 1280 1905; x_wconf 90' lang='lat' dir='ltr'><strong>totius</strong></span> <span class='ocrx_word' id='word_1_85' title='bbox 1308 1842 1421 1905; x_wconf 90' lang='lat' dir='ltr'><strong>mundi</strong></span> 
     </span>
     <span class='ocr_line' id='line_1_13' title="bbox 469 1942 1421 2025; baseline -0.002 -18"><span class='ocrx_word' id='word_1_86' title='bbox 469 1946 587 2009; x_wconf 83' lang='lat' dir='ltr'><strong>variam</strong></span> <span class='ocrx_word' id='word_1_87' title='bbox 598 1942 855 2025; x_wconf 80' lang='lat' dir='ltr'><strong>suppellectilem</strong></span> <span class='ocrx_word' id='word_1_88' title='bbox 871 1943 1046 2005; x_wconf 89' lang='lat' dir='ltr'><strong>contemnit</strong></span> <span class='ocrx_word' id='word_1_89' title='bbox 1056 1954 1092 2005; x_wconf 92' lang='lat' dir='ltr'><strong>ut</strong></span> <span class='ocrx_word' id='word_1_90' title='bbox 1107 1956 1256 2021; x_wconf 84' lang='lat' dir='ltr'><strong>stercore,</strong></span> <span class='ocrx_word' id='word_1_91' title='bbox 1266 1952 1303 2007; x_wconf 89' lang='lat' dir='ltr'><strong>ut</strong></span> <span class='ocrx_word' id='word_1_92' title='bbox 1317 1945 1421 2007; x_wconf 86' lang='lat' dir='ltr'><strong>solum</strong></span> 
     </span>
     <span class='ocr_line' id='line_1_14' title="bbox 469 2044 1421 2127; baseline -0.002 -18"><span class='ocrx_word' id='word_1_93' title='bbox 469 2045 648 2109; x_wconf 75' lang='lat' dir='ltr'><strong>lucrifaciat</strong></span> <span class='ocrx_word' id='word_1_94' title='bbox 670 2044 844 2117; x_wconf 85' lang='lat' dir='ltr'><strong>Christum,</strong></span> <span class='ocrx_word' id='word_1_95' title='bbox 868 2054 953 2105; x_wconf 87' lang='lat' dir='ltr'><strong>ratus</strong></span> <span class='ocrx_word' id='word_1_96' title='bbox 976 2045 1095 2121; x_wconf 89' lang='lat' dir='ltr'><strong>omnia,</strong></span> <span class='ocrx_word' id='word_1_97' title='bbox 1118 2065 1189 2127; x_wconf 87' lang='lat' dir='ltr'><strong>quae</strong></span> <span class='ocrx_word' id='word_1_98' title='bbox 1217 2044 1421 2127; x_wconf 90' lang='lat' dir='ltr'><strong>dispendium</strong></span> 
     </span>
     <span class='ocr_line' id='line_1_15' title="bbox 471 2144 1420 2229; baseline 0 -19"><span class='ocrx_word' id='word_1_99' title='bbox 471 2147 565 2210; x_wconf 90' lang='lat' dir='ltr'><strong>saluti</strong></span> <span class='ocrx_word' id='word_1_100' title='bbox 584 2147 730 2218; x_wconf 85' lang='lat' dir='ltr'><strong>afferunt,</strong></span> <span class='ocrx_word' id='word_1_101' title='bbox 745 2144 893 2207; x_wconf 86' lang='lat' dir='ltr'><strong>sordibus</strong></span> <span class='ocrx_word' id='word_1_102' title='bbox 913 2144 1124 2226; x_wconf 86' lang='lat' dir='ltr'><strong>aggreganda.</strong></span> <span class='ocrx_word' id='word_1_103' title='bbox 1168 2148 1271 2211; x_wconf 88' lang='lat' dir='ltr'><strong>Recte</strong></span> <span class='ocrx_word' id='word_1_104' title='bbox 1290 2145 1420 2229; x_wconf 90' lang='lat' dir='ltr'><strong>quidem</strong></span> 
     </span>
     <span class='ocr_line' id='line_1_16' title="bbox 471 2245 1423 2329; baseline 0 -18"><span class='ocrx_word' id='word_1_105' title='bbox 471 2259 504 2311; x_wconf 89' lang='lat' dir='ltr'><strong>et</strong></span> <span class='ocrx_word' id='word_1_106' title='bbox 523 2246 668 2323; x_wconf 89' lang='lat' dir='ltr'><strong>fideliter,</strong></span> <span class='ocrx_word' id='word_1_107' title='bbox 683 2267 722 2308; x_wconf 91' lang='lat' dir='ltr'><strong>eo</strong></span> <span class='ocrx_word' id='word_1_108' title='bbox 742 2245 830 2329; x_wconf 88' lang='lat' dir='ltr'><strong>quod</strong></span> <span class='ocrx_word' id='word_1_109' title='bbox 849 2246 929 2307; x_wconf 87' lang='lat' dir='ltr'><strong>nihil</strong></span> <span class='ocrx_word' id='word_1_110' title='bbox 954 2246 1118 2323; x_wconf 90' lang='lat' dir='ltr'><strong>mundum,</strong></span> <span class='ocrx_word' id='word_1_111' title='bbox 1138 2248 1219 2309; x_wconf 92' lang='lat' dir='ltr'><strong>nihil</strong></span> <span class='ocrx_word' id='word_1_112' title='bbox 1239 2248 1423 2324; x_wconf 86' lang='lat' dir='ltr'><strong>honestum,</strong></span> 
     </span>
     <span class='ocr_line' id='line_1_17' title="bbox 471 2344 1422 2433; baseline 0 -20"><span class='ocrx_word' id='word_1_113' title='bbox 471 2349 549 2413; x_wconf 90' lang='lat' dir='ltr'><strong>nihil</strong></span> <span class='ocrx_word' id='word_1_114' title='bbox 567 2348 685 2412; x_wconf 88' lang='lat' dir='ltr'><strong>decens</strong></span> <span class='ocrx_word' id='word_1_115' title='bbox 699 2348 835 2411; x_wconf 87' lang='lat' dir='ltr'><strong>salutem</strong></span> <span class='ocrx_word' id='word_1_116' title='bbox 849 2344 995 2430; x_wconf 89' lang='lat' dir='ltr'><strong>impedit,</strong></span> <span class='ocrx_word' id='word_1_117' title='bbox 1007 2346 1064 2411; x_wconf 88' lang='lat' dir='ltr'><strong>sed</strong></span> <span class='ocrx_word' id='word_1_118' title='bbox 1080 2350 1147 2412; x_wconf 87' lang='lat' dir='ltr'><strong>sola</strong></span> <span class='ocrx_word' id='word_1_119' title='bbox 1163 2349 1337 2433; x_wconf 85' lang='lat' dir='ltr'><strong>turpitudo,</strong></span> <span class='ocrx_word' id='word_1_120' title='bbox 1350 2370 1422 2433; x_wconf 77' lang='lat' dir='ltr'><strong>quae</strong></span> 
     </span>
     <span class='ocr_line' id='line_1_18' title="bbox 470 2449 1423 2529; baseline 0 -14"><span class='ocrx_word' id='word_1_121' title='bbox 470 2450 555 2516; x_wconf 87' lang='lat' dir='ltr'><strong>sicut</strong></span> <span class='ocrx_word' id='word_1_122' title='bbox 577 2450 721 2526; x_wconf 88' lang='lat' dir='ltr'><strong>dedecet,</strong></span> <span class='ocrx_word' id='word_1_123' title='bbox 741 2450 787 2513; x_wconf 88' lang='lat' dir='ltr'><strong>sic</strong></span> <span class='ocrx_word' id='word_1_124' title='bbox 807 2458 840 2513; x_wconf 90' lang='lat' dir='ltr'><strong>et</strong></span> <span class='ocrx_word' id='word_1_125' title='bbox 860 2449 1025 2512; x_wconf 91' lang='lat' dir='ltr'><strong>immunda</strong></span> <span class='ocrx_word' id='word_1_126' title='bbox 1046 2459 1105 2527; x_wconf 90' lang='lat' dir='ltr'><strong>est,</strong></span> <span class='ocrx_word' id='word_1_127' title='bbox 1126 2460 1159 2513; x_wconf 88' lang='lat' dir='ltr'><strong>et</strong></span> <span class='ocrx_word' id='word_1_128' title='bbox 1181 2461 1267 2515; x_wconf 89' lang='lat' dir='ltr'><strong>certe</strong></span> <span class='ocrx_word' id='word_1_129' title='bbox 1289 2452 1423 2529; x_wconf 86' lang='lat' dir='ltr'><strong>inutilis,</strong></span> 
     </span>
     <span class='ocr_line' id='line_1_19' title="bbox 472 2548 1422 2633; baseline 0 -18"><span class='ocrx_word' id='word_1_130' title='bbox 472 2552 554 2615; x_wconf 89' lang='lat' dir='ltr'><strong>adeo</strong></span> <span class='ocrx_word' id='word_1_131' title='bbox 569 2548 732 2626; x_wconf 85' lang='lat' dir='ltr'><strong>damnosa,</strong></span> <span class='ocrx_word' id='word_1_132' title='bbox 747 2559 782 2611; x_wconf 92' lang='lat' dir='ltr'><strong>ut</strong></span> <span class='ocrx_word' id='word_1_133' title='bbox 796 2551 884 2612; x_wconf 91' lang='lat' dir='ltr'><strong>nullo</strong></span> <span class='ocrx_word' id='word_1_134' title='bbox 900 2551 1068 2633; x_wconf 86' lang='lat' dir='ltr'><strong>temporali</strong></span> <span class='ocrx_word' id='word_1_135' title='bbox 1085 2552 1303 2615; x_wconf 91' lang='lat' dir='ltr'><strong>emolumento</strong></span> <span class='ocrx_word' id='word_1_136' title='bbox 1319 2554 1422 2615; x_wconf 87' lang='lat' dir='ltr'><strong>valeat</strong></span> 
     </span>
     <span class='ocr_line' id='line_1_20' title="bbox 472 2649 1423 2736; baseline -0.001 -20"><span class='ocrx_word' id='word_1_137' title='bbox 472 2652 680 2736; x_wconf 86' lang='lat' dir='ltr'><strong>compensari.</strong></span> <span class='ocrx_word' id='word_1_138' title='bbox 718 2649 803 2723; x_wconf 83' lang='lat' dir='ltr'><strong>Quid</strong></span> <span class='ocrx_word' id='word_1_139' title='bbox 815 2652 900 2713; x_wconf 91' lang='lat' dir='ltr'><strong>enim</strong></span> <span class='ocrx_word' id='word_1_140' title='bbox 912 2652 1043 2734; x_wconf 90' lang='lat' dir='ltr'><strong>prodest</strong></span> <span class='ocrx_word' id='word_1_141' title='bbox 1054 2653 1190 2730; x_wconf 85' lang='lat' dir='ltr'><strong>homini,</strong></span> <span class='ocrx_word' id='word_1_142' title='bbox 1202 2654 1229 2717; x_wconf 89' lang='lat' dir='ltr'><strong>si</strong></span> <span class='ocrx_word' id='word_1_143' title='bbox 1240 2655 1423 2717; x_wconf 89' lang='lat' dir='ltr'><strong>universum</strong></span> 
     </span>
     <span class='ocr_line' id='line_1_21' title="bbox 472 2753 1421 2830; baseline 0 -13"><span class='ocrx_word' id='word_1_144' title='bbox 472 2755 629 2819; x_wconf 91' lang='lat' dir='ltr'><strong>mundum</strong></span> <span class='ocrx_word' id='word_1_145' title='bbox 643 2755 792 2830; x_wconf 90' lang='lat' dir='ltr'><strong>lucretur,</strong></span> <span class='ocrx_word' id='word_1_146' title='bbox 808 2753 929 2817; x_wconf 80' lang='lat' dir='ltr'><strong>faciens</strong></span> <span class='ocrx_word' id='word_1_147' title='bbox 953 2754 1179 2817; x_wconf 88' lang='lat' dir='ltr'><strong>detrimentum</strong></span> <span class='ocrx_word' id='word_1_148' title='bbox 1199 2756 1315 2819; x_wconf 86' lang='lat' dir='ltr'><strong>enimae</strong></span> <span class='ocrx_word' id='word_1_149' title='bbox 1333 2753 1421 2819; x_wconf 84' lang='lat' dir='ltr'><strong>suael</strong></span> 
     </span>
     <span class='ocr_line' id='line_1_22' title="bbox 472 2852 1423 2937; baseline 0 -18"><span class='ocrx_word' id='word_1_150' title='bbox 472 2857 517 2919; x_wconf 89' lang='lat' dir='ltr'><strong>Et</strong></span> <span class='ocrx_word' id='word_1_151' title='bbox 530 2855 616 2931; x_wconf 87' lang='lat' dir='ltr'><strong>vide,</strong></span> <span class='ocrx_word' id='word_1_152' title='bbox 631 2854 707 2937; x_wconf 90' lang='lat' dir='ltr'><strong>quia</strong></span> <span class='ocrx_word' id='word_1_153' title='bbox 722 2874 786 2916; x_wconf 91' lang='lat' dir='ltr'><strong>non</strong></span> <span class='ocrx_word' id='word_1_154' title='bbox 810 2852 893 2917; x_wconf 88' lang='lat' dir='ltr'><strong>dixit</strong></span> <span class='ocrx_word' id='word_1_155' title='bbox 914 2853 1071 2917; x_wconf 87' lang='lat' dir='ltr'><strong>mundum</strong></span> <span class='ocrx_word' id='word_1_156' title='bbox 1092 2855 1240 2920; x_wconf 91' lang='lat' dir='ltr'><strong>inutilem</strong></span> <span class='ocrx_word' id='word_1_157' title='bbox 1261 2856 1318 2919; x_wconf 91' lang='lat' dir='ltr'><strong>ubi</strong></span> <span class='ocrx_word' id='word_1_158' title='bbox 1338 2856 1423 2919; x_wconf 86' lang='lat' dir='ltr'><strong>salus</strong></span> 
     </span>
     <span class='ocr_line' id='line_1_23' title="bbox 472 2954 1424 3039; baseline 0.002 -20"><span class='ocrx_word' id='word_1_159' title='bbox 472 2956 625 3039; x_wconf 86' lang='lat' dir='ltr'><strong>perditur,</strong></span> <span class='ocrx_word' id='word_1_160' title='bbox 641 2954 809 3017; x_wconf 88' lang='lat' dir='ltr'><strong>sedetiam</strong></span> <span class='ocrx_word' id='word_1_161' title='bbox 825 2955 881 3017; x_wconf 93' lang='lat' dir='ltr'><strong>uhi</strong></span> <span class='ocrx_word' id='word_1_162' title='bbox 897 2955 1048 3017; x_wconf 88' lang='lat' dir='ltr'><strong>minuitur</strong></span> <span class='ocrx_word' id='word_1_163' title='bbox 1063 2956 1172 3037; x_wconf 85' lang='lat' dir='ltr'><strong>gloria.</strong></span> <span class='ocrx_word' id='word_1_164' title='bbox 1210 2956 1424 3029; x_wconf 82' lang='lat' dir='ltr'><strong>Quantumvis</strong></span> 
     </span>
     <span class='ocr_line' id='line_1_24' title="bbox 472 3056 1424 3137; baseline 0.001 -19"><span class='ocrx_word' id='word_1_165' title='bbox 472 3057 604 3119; x_wconf 90' lang='lat' dir='ltr'><strong>rutilent</strong></span> <span class='ocrx_word' id='word_1_166' title='bbox 623 3075 768 3136; x_wconf 81' lang='lat' dir='ltr'><strong>gemmae,</strong></span> <span class='ocrx_word' id='word_1_167' title='bbox 782 3074 895 3117; x_wconf 87' lang='lat' dir='ltr'><strong>aurum</strong></span> <span class='ocrx_word' id='word_1_168' title='bbox 916 3056 1094 3137; x_wconf 87' lang='lat' dir='ltr'><strong>splendeat,</strong></span> <span class='ocrx_word' id='word_1_169' title='bbox 1109 3066 1141 3119; x_wconf 89' lang='lat' dir='ltr'><strong>et</strong></span> <span class='ocrx_word' id='word_1_170' title='bbox 1163 3059 1313 3121; x_wconf 89' lang='lat' dir='ltr'><strong>omnibus</strong></span> <span class='ocrx_word' id='word_1_171' title='bbox 1335 3059 1424 3121; x_wconf 91' lang='lat' dir='ltr'><strong>leno·</strong></span> 
     </span>
     <span class='ocr_line' id='line_1_25' title="bbox 474 3154 1423 3241; baseline -0.001 -19"><span class='ocrx_word' id='word_1_172' title='bbox 474 3158 566 3222; x_wconf 88' lang='lat' dir='ltr'><strong>ciniis</strong></span> <span class='ocrx_word' id='word_1_173' title='bbox 596 3157 662 3219; x_wconf 85' lang='lat' dir='ltr'><strong>suis</strong></span> <span class='ocrx_word' id='word_1_174' title='bbox 693 3154 830 3218; x_wconf 84' lang='lat' dir='ltr'><strong>arrideat</strong></span> <span class='ocrx_word' id='word_1_175' title='bbox 864 3156 1014 3233; x_wconf 87' lang='lat' dir='ltr'><strong>mundus,</strong></span> <span class='ocrx_word' id='word_1_176' title='bbox 1044 3158 1199 3241; x_wconf 88' lang='lat' dir='ltr'><strong>quicquid</strong></span> <span class='ocrx_word' id='word_1_177' title='bbox 1235 3159 1423 3223; x_wconf 85' lang='lat' dir='ltr'><strong>munditiam</strong></span> 
     </span>
     <span class='ocr_line' id='line_1_26' title="bbox 473 3256 1424 3343; baseline -0.002 -18"><span class='ocrx_word' id='word_1_178' title='bbox 473 3259 614 3325; x_wconf 88' lang='lat' dir='ltr'><strong>hominis</strong></span> <span class='ocrx_word' id='word_1_179' title='bbox 634 3256 774 3340; x_wconf 88' lang='lat' dir='ltr'><strong>perimit,</strong></span> <span class='ocrx_word' id='word_1_180' title='bbox 796 3256 982 3335; x_wconf 79' lang='lat' dir='ltr'><strong>sordidum3</strong></span> <span class='ocrx_word' id='word_1_181' title='bbox 1023 3259 1110 3343; x_wconf 91' lang='lat' dir='ltr'><strong>quod</strong></span> <span class='ocrx_word' id='word_1_182' title='bbox 1137 3259 1286 3325; x_wconf 89' lang='lat' dir='ltr'><strong>decorem</strong></span> <span class='ocrx_word' id='word_1_183' title='bbox 1308 3260 1424 3323; x_wconf 79' lang='lat' dir='ltr'><strong>animae</strong></span> 
     </span>
     <span class='ocr_line' id='line_1_27' title="bbox 473 3360 1423 3444; baseline 0 -19"><span class='ocrx_word' id='word_1_184' title='bbox 473 3361 640 3442; x_wconf 86' lang='lat' dir='ltr'><strong>extinguit,</strong></span> <span class='ocrx_word' id='word_1_185' title='bbox 664 3368 775 3441; x_wconf 89' lang='lat' dir='ltr'><strong>turpe;</strong></span> <span class='ocrx_word' id='word_1_186' title='bbox 806 3360 894 3441; x_wconf 92' lang='lat' dir='ltr'><strong>quod</strong></span> <span class='ocrx_word' id='word_1_187' title='bbox 916 3360 1117 3425; x_wconf 79' lang='lat' dir='ltr'><strong>honestatem</strong></span> <span class='ocrx_word' id='word_1_188' title='bbox 1146 3363 1309 3436; x_wconf 82' lang='lat' dir='ltr'><strong>subvertit,</strong></span> <span class='ocrx_word' id='word_1_189' title='bbox 1332 3363 1423 3444; x_wconf 81' lang='lat' dir='ltr'><strong>igno·</strong></span> 
     </span>
     <span class='ocr_line' id='line_1_28' title="bbox 473 3459 1423 3546; baseline 0.003 -22"><span class='ocrx_word' id='word_1_190' title='bbox 473 3462 643 3525; x_wconf 90' lang='lat' dir='ltr'><strong>miniosum</strong></span> <span class='ocrx_word' id='word_1_191' title='bbox 669 3471 728 3523; x_wconf 88' lang='lat' dir='ltr'><strong>est.</strong></span> <span class='ocrx_word' id='word_1_192' title='bbox 775 3459 871 3523; x_wconf 90' lang='lat' dir='ltr'><strong>Unde</strong></span> <span class='ocrx_word' id='word_1_193' title='bbox 896 3471 927 3522; x_wconf 89' lang='lat' dir='ltr'><strong>et</strong></span> <span class='ocrx_word' id='word_1_194' title='bbox 952 3461 1038 3543; x_wconf 86' lang='lat' dir='ltr'><strong>apud</strong></span> <span class='ocrx_word' id='word_1_195' title='bbox 1064 3462 1226 3546; x_wconf 84' lang='lat' dir='ltr'><strong>antiquos,</strong></span> <span class='ocrx_word' id='word_1_196' title='bbox 1253 3462 1348 3525; x_wconf 88' lang='lat' dir='ltr'><strong>etiem</strong></span> <span class='ocrx_word' id='word_1_197' title='bbox 1372 3482 1423 3527; x_wconf 86' lang='lat' dir='ltr'><strong>sa-</strong></span> 
     </span>
     <span class='ocr_line' id='line_1_29' title="bbox 472 3559 1425 3643; baseline 0.002 -20"><span class='ocrx_word' id='word_1_198' title='bbox 472 3562 605 3623; x_wconf 84' lang='lat' dir='ltr'><strong>lutiferae</strong></span> <span class='ocrx_word' id='word_1_199' title='bbox 620 3560 760 3621; x_wconf 89' lang='lat' dir='ltr'><strong>veritatis</strong></span> <span class='ocrx_word' id='word_1_200' title='bbox 774 3559 913 3637; x_wconf 81' lang='lat' dir='ltr'><strong>ignaros,</strong></span> <span class='ocrx_word' id='word_1_201' title='bbox 928 3579 1022 3621; x_wconf 91' lang='lat' dir='ltr'><strong>omne</strong></span> <span class='ocrx_word' id='word_1_202' title='bbox 1039 3562 1128 3643; x_wconf 92' lang='lat' dir='ltr'><strong>quod</strong></span> <span class='ocrx_word' id='word_1_203' title='bbox 1144 3583 1186 3626; x_wconf 84' lang='lat' dir='ltr'><strong>ex</strong></span> <span class='ocrx_word' id='word_1_204' title='bbox 1202 3563 1311 3627; x_wconf 89' lang='lat' dir='ltr'><strong>debito</strong></span> <span class='ocrx_word' id='word_1_205' title='bbox 1326 3563 1425 3627; x_wconf 89' lang='lat' dir='ltr'><strong>officii</strong></span> 
     </span>
     <span class='ocr_line' id='line_1_30' title="bbox 474 3657 1426 3743; baseline 0.004 -20"><span class='ocrx_word' id='word_1_206' title='bbox 474 3660 645 3742; x_wconf 84' lang='lat' dir='ltr'><strong>gratuitum</strong></span> <span class='ocrx_word' id='word_1_207' title='bbox 659 3678 728 3720; x_wconf 85' lang='lat' dir='ltr'><strong>esse</strong></span> <span class='ocrx_word' id='word_1_208' title='bbox 744 3666 879 3740; x_wconf 90' lang='lat' dir='ltr'><strong>oportet,</strong></span> <span class='ocrx_word' id='word_1_209' title='bbox 894 3657 920 3719; x_wconf 89' lang='lat' dir='ltr'><strong>si</strong></span> <span class='ocrx_word' id='word_1_210' title='bbox 938 3657 1048 3723; x_wconf 86' lang='lat' dir='ltr'><strong>fiatad</strong></span> <span class='ocrx_word' id='word_1_211' title='bbox 1064 3664 1212 3743; x_wconf 90' lang='lat' dir='ltr'><strong>pretium,</strong></span> <span class='ocrx_word' id='word_1_212' title='bbox 1228 3666 1262 3727; x_wconf 91' lang='lat' dir='ltr'><strong>in</strong></span> <span class='ocrx_word' id='word_1_213' title='bbox 1278 3664 1426 3727; x_wconf 84' lang='lat' dir='ltr'><strong>sordibus</strong></span> 
     </span>
     <span class='ocr_line' id='line_1_31' title="bbox 475 3758 1426 3846; baseline -0.001 -19"><span class='ocrx_word' id='word_1_214' title='bbox 475 3769 709 3846; x_wconf 88' lang='lat' dir='ltr'><strong>computantur.</strong></span> <span class='ocrx_word' id='word_1_215' title='bbox 756 3758 864 3842; x_wconf 82' lang='lat' dir='ltr'><strong>Ipsius</strong></span> <span class='ocrx_word' id='word_1_216' title='bbox 885 3778 1013 3843; x_wconf 89' lang='lat' dir='ltr'><strong>quoque</strong></span> <span class='ocrx_word' id='word_1_217' title='bbox 1032 3763 1127 3843; x_wconf 89' lang='lat' dir='ltr'><strong>pretii</strong></span> <span class='ocrx_word' id='word_1_218' title='bbox 1149 3765 1194 3829; x_wconf 89' lang='lat' dir='ltr'><strong>sic</strong></span> <span class='ocrx_word' id='word_1_219' title='bbox 1219 3765 1354 3829; x_wconf 87' lang='lat' dir='ltr'><strong>dilatant</strong></span> <span class='ocrx_word' id='word_1_220' title='bbox 1376 3766 1426 3827; x_wconf 92' lang='lat' dir='ltr'><strong>in-</strong></span> 
     </span>
     <span class='ocr_line' id='line_1_32' title="bbox 474 3860 1427 3948; baseline 0 -19"><span class='ocrx_word' id='word_1_221' title='bbox 474 3863 753 3948; x_wconf 70' lang='lat' dir='ltr'><strong>terpretationem</strong></span> <span class='ocrx_word' id='word_1_222' title='bbox 779 3870 900 3929; x_wconf 89' lang='lat' dir='ltr'><strong>utnon</strong></span> <span class='ocrx_word' id='word_1_223' title='bbox 922 3860 1018 3925; x_wconf 92' lang='lat' dir='ltr'><strong>modo</strong></span> <span class='ocrx_word' id='word_1_224' title='bbox 1040 3865 1223 3945; x_wconf 87' lang='lat' dir='ltr'><strong>pecuniam,</strong></span> <span class='ocrx_word' id='word_1_225' title='bbox 1245 3866 1427 3946; x_wconf 88' lang='lat' dir='ltr'><strong>speciemve</strong></span> 
     </span>
     <span class='ocr_line' id='line_1_33' title="bbox 475 3962 1426 4051; baseline 0 -22"><span class='ocrx_word' id='word_1_226' title='bbox 475 3966 648 4044; x_wconf 82' lang='lat' dir='ltr'><strong>contineat,</strong></span> <span class='ocrx_word' id='word_1_227' title='bbox 674 3963 732 4027; x_wconf 88' lang='lat' dir='ltr'><strong>sed</strong></span> <span class='ocrx_word' id='word_1_228' title='bbox 757 3962 956 4047; x_wconf 89' lang='lat' dir='ltr'><strong>obsequium,</strong></span> <span class='ocrx_word' id='word_1_229' title='bbox 978 3984 1168 4047; x_wconf 90' lang='lat' dir='ltr'><strong>omnemque</strong></span> <span class='ocrx_word' id='word_1_230' title='bbox 1188 3984 1329 4047; x_wconf 86' lang='lat' dir='ltr'><strong>operam,</strong></span> <span class='ocrx_word' id='word_1_231' title='bbox 1349 3988 1426 4051; x_wconf 87' lang='lat' dir='ltr'><strong>qun-</strong></span> 
     </span>
     <span class='ocr_line' id='line_1_34' title="bbox 475 4054 1428 4144; baseline 0.001 -15"><span class='ocrx_word' id='word_1_232' title='bbox 475 4078 569 4129; x_wconf 87' lang='lat' dir='ltr'><strong>tenus</strong></span> <span class='ocrx_word' id='word_1_233' title='bbox 584 4066 662 4129; x_wconf 83' lang='lat' dir='ltr'><strong>alies</strong></span> <span class='ocrx_word' id='word_1_234' title='bbox 675 4086 741 4127; x_wconf 92' lang='lat' dir='ltr'><strong>non</strong></span> <span class='ocrx_word' id='word_1_235' title='bbox 757 4054 901 4128; x_wconf 86' lang='lat' dir='ltr'><strong>debetur.</strong></span> <span class='ocrx_word' id='word_1_236' title='bbox 939 4064 1035 4137; x_wconf 82' lang='lat' dir='ltr'><strong>Quod</strong></span> <span class='ocrx_word' id='word_1_237' title='bbox 1047 4065 1131 4127; x_wconf 90' lang='lat' dir='ltr'><strong>enim</strong></span> <span class='ocrx_word' id='word_1_238' title='bbox 1148 4087 1191 4131; x_wconf 86' lang='lat' dir='ltr'><strong>ex</strong></span> <span class='ocrx_word' id='word_1_239' title='bbox 1206 4065 1354 4131; x_wconf 83' lang='lat' dir='ltr'><strong>sordibus</strong></span> <span class='ocrx_word' id='word_1_240' title='bbox 1369 4078 1428 4144; x_wconf 89' lang='lat' dir='ltr'><strong>est,</strong></span> 
     </span>
     <span class='ocr_line' id='line_1_35' title="bbox 477 4160 1427 4247; baseline 0 -20"><span class='ocrx_word' id='word_1_241' title='bbox 477 4163 553 4247; x_wconf 90' lang='lat' dir='ltr'><strong>quid</strong></span> <span class='ocrx_word' id='word_1_242' title='bbox 582 4163 643 4225; x_wconf 91' lang='lat' dir='ltr'><strong>erit</strong></span> <span class='ocrx_word' id='word_1_243' title='bbox 671 4163 733 4225; x_wconf 85' lang='lat' dir='ltr'><strong>nisi</strong></span> <span class='ocrx_word' id='word_1_244' title='bbox 762 4160 948 4226; x_wconf 83' lang='lat' dir='ltr'><strong>sordidum?</strong></span> <span class='ocrx_word' id='word_1_245' title='bbox 988 4164 1064 4225; x_wconf 94' lang='lat' dir='ltr'><strong>Non</strong></span> <span class='ocrx_word' id='word_1_246' title='bbox 1091 4163 1175 4227; x_wconf 89' lang='lat' dir='ltr'><strong>enim</strong></span> <span class='ocrx_word' id='word_1_247' title='bbox 1202 4171 1309 4247; x_wconf 89' lang='lat' dir='ltr'><strong>potest</strong></span> <span class='ocrx_word' id='word_1_248' title='bbox 1334 4166 1427 4227; x_wconf 86' lang='lat' dir='ltr'><strong>arbor</strong></span> 
     </span>
     <span class='ocr_line' id='line_1_36' title="bbox 477 4264 1427 4348; baseline -0.002 -17"><span class='ocrx_word' id='word_1_249' title='bbox 477 4267 571 4343; x_wconf 81' lang='lat' dir='ltr'><strong>mala,</strong></span> <span class='ocrx_word' id='word_1_250' title='bbox 596 4264 718 4329; x_wconf 79' lang='lat' dir='ltr'><strong>fructus</strong></span> <span class='ocrx_word' id='word_1_251' title='bbox 739 4266 846 4327; x_wconf 84' lang='lat' dir='ltr'><strong>bonos</strong></span> <span class='ocrx_word' id='word_1_252' title='bbox 869 4264 983 4341; x_wconf 85' lang='lat' dir='ltr'><strong>facere,</strong></span> <span class='ocrx_word' id='word_1_253' title='bbox 1002 4286 1099 4348; x_wconf 92' lang='lat' dir='ltr'><strong>quum</strong></span> <span class='ocrx_word' id='word_1_254' title='bbox 1121 4266 1156 4329; x_wconf 93' lang='lat' dir='ltr'><strong>in</strong></span> <span class='ocrx_word' id='word_1_255' title='bbox 1179 4288 1217 4331; x_wconf 88' lang='lat' dir='ltr'><strong>eo</strong></span> <span class='ocrx_word' id='word_1_256' title='bbox 1238 4267 1285 4329; x_wconf 85' lang='lat' dir='ltr'><strong>vis</strong></span> <span class='ocrx_word' id='word_1_257' title='bbox 1307 4277 1427 4331; x_wconf 83' lang='lat' dir='ltr'><strong>naturae</strong></span> 
     </span>
    </p>
   </div>
   <div class='ocr_carea' id='block_1_5' title="bbox 0 0 1732 5367">
    <p class='ocr_par' dir='ltr' id='par_1_5' title="bbox 0 0 1732 5367">
     <span class='ocr_line' id='line_1_37' title="bbox 0 0 1732 5367; baseline 0 0"><span class='ocrx_word' id='word_1_258' title='bbox 0 0 1732 5367; x_wconf 95' lang='lat' dir='ltr'><strong> </strong></span> 
     </span>
    </p>
   </div>
  </div>
 </body>
</html>
