3425 5367
429 741 489 802 176
685 751 819 800 solutus
835 754 1115 800 sannsunumusts
1225 737 1310 812 [uro.
1325 756 1378 800 111.

427 897 571 982 Venena,
594 903 699 992 inquit
720 901 856 990 sapiens,
880 925 942 968 non
966 903 1094 982 dantur,
1117 901 1178 968 nisi
1199 903 1296 968 melle
1319 903 1380 968 cir·

427 1006 568 1073 cumlita.
615 1006 788 1094 Nullaeque
812 1005 1000 1071 occultiores
1025 1018 1100 1070 sunt
1124 1005 1261 1089 insidiae,
1284 1027 1381 1093 quam

427 1109 489 1187 hae,
505 1131 579 1196 quae
599 1108 701 1174 latent
722 1109 756 1172 in
778 1107 981 1173 simulatione
997 1107 1101 1184 officii,
1117 1120 1174 1173 aut
1194 1108 1302 1195 aliquo
1325 1129 1382 1172 na·

428 1214 628 1281 cessitudinis
642 1214 782 1281 nomine.
813 1213 868 1278 Tu
883 1213 1072 1300 obsequium
1088 1224 1191 1299 putas,
1206 1213 1380 1280 amicitiam

427 1316 605 1402 suspicaris,
625 1315 746 1382 metiris
768 1315 935 1393 affectum3
962 1315 1086 1379 insidiae
1108 1329 1192 1381 sunt.
1240 1316 1320 1394 Nec,
1344 1328 1381 1381 ut

427 1419 531 1483 estin
553 1418 679 1501 fabulis,
700 1418 863 1505 (quoniam
885 1432 919 1482 et
941 1418 1108 1482 mendacia
1129 1429 1296 1503 poetarum
1318 1441 1382 1482 ser-

426 1521 519 1586 viunt
531 1522 668 1606 veritati)
684 1523 772 1587 Juno
793 1520 945 1587 Semelen
964 1521 1133 1606 deceptam
1147 1521 1181 1586 in
1196 1521 1381 1586 incendium

427 1623 615 1712 impulisset,
640 1625 666 1689 si
695 1647 759 1690 non
786 1635 869 1689 esset
895 1623 1027 1688 nutricis
1052 1623 1167 1688 induta
1195 1624 1320 1700 faciem,
1347 1636 1381 1688 et

428 1727 565 1793 mentita
578 1727 738 1794 affectum.
783 1726 861 1791 Tibi
884 1726 986 1791 credis
1007 1726 1151 1812 impendi
1171 1727 1380 1792 famulatum:

427 1840 580 1895 extremae
595 1844 628 1895 st
643 1829 830 1894 miserrimae
846 1830 1012 1915 subjiceris
1028 1829 1181 1896 servituti.
1227 1830 1312 1894 Nam

755 1957 833 2007 quum
843 1938 947 1992 facilem
960 1939 1070 1992 distillat
1078 1941 1105 1992 in
1117 1957 1206 1993 aurem

532 2027 675 2095 Exiguum,
688 2026 720 2078 de
731 2032 830 2078 naturae
841 2026 948 2095 vitiique
959 2044 1068 2092 veneno,

427 2119 606 2205 dispeream
621 2121 681 2184 nisi
696 2120 885 2184 submoveat
903 2141 1015 2184 omnes
1034 2120 1090 2207 qui
1105 2143 1180 2186 vera
1194 2121 1378 2208 loquuntur,

426 2221 590 2306 dedignati
612 2221 831 2288 assentationis
853 2222 961 2287 subire
983 2235 1103 2289 notam.
1151 2223 1289 2289 Lumine
1304 2225 1379 2288 sub-

428 2337 583 2404 movetur,
599 2338 633 2391 et
653 2326 736 2391 bene
759 2325 784 2390 si
806 2347 871 2390 non
888 2325 1053 2411 judicatur
1075 2325 1232 2404 inimicus,
1248 2327 1304 2413 qui
1323 2349 1381 2413 po·

427 2428 524 2493 tentis
538 2428 633 2494 amici
648 2428 873 2515 voluptatibus,
883 2428 980 2493 etiam
996 2429 1190 2515 turpioribus
1205 2451 1269 2494 non
1284 2430 1380 2494 modo

427 2531 626 2612 contradicit,
642 2533 697 2597 sed
719 2532 815 2596 etiam
839 2555 904 2596 non
927 2531 1116 2600 consentit..
1141 2531 1301 2618 Equidem
1317 2554 1379 2596 nec

427 2656 597 2701 cousensus
608 2637 648 2702 ad
659 2635 793 2722 gratiam
809 2635 933 2713 sufficit,
943 2635 1130 2721 approbare,
1143 2635 1379 2715 commendare,

426 2737 631 2824 applaudere,
642 2737 812 2802 insanienti
824 2759 952 2802 necesse
967 2748 1030 2803 est:
1046 2759 1147 2824 quum
1158 2736 1266 2800 omnia
1277 2736 1379 2800 male·

426 2840 548 2920 fecerit,
558 2840 736 2906 laudandus
749 2857 797 2906 est
812 2840 902 2928 quasi
918 2862 952 2905 re
967 2840 1050 2905 bene
1061 2852 1160 2925 gesta.
1192 2839 1282 2904 Sicut
1292 2838 1379 2903 enim

427 2942 577 3008 identitas
601 2943 814 3023 voluntatum,
840 2943 957 3008 amoris
985 2943 1141 3007 indicium
1170 2955 1237 3019 est;
1269 2940 1314 3007 sic
1339 2962 1380 3004 ex

427 3044 580 3121 dissensu,
595 3045 834 3110 inimicitiarum
855 3045 990 3134 quisque
1010 3067 1083 3111 reus
1102 3045 1255 3131 arguitur.
1302 3043 1379 3108 Pro-

427 3146 503 3211 inde
520 3146 680 3233 Satyricus
695 3147 811 3234 inquit,

533 3280 605 3343 Quid
617 3279 711 3335 Romae
722 3279 837 3334 faciam?
856 3284 960 3335 mentiri
971 3283 1072 3347 nescio;
1089 3281 1191 3340 librum,

532 3365 654 3421 Simulus
666 3373 715 3433 est,
726 3385 827 3437 nequeo
837 3367 944 3421 laudare
956 3374 984 3422 et
995 3385 1114 3440 poscere3
1133 3371 1219 3418 motus
1242 3375 1251 3394 '

531 3454 669 3507 Astrorum
680 3455 783 3524 ignoro;
801 3453 878 3508 funus
889 3456 1039 3526 promittere
1051 3454 1132 3523 patris

533 3539 591 3592 Nec
603 3539 669 3605 volo,
681 3559 730 3594 neo
740 3557 855 3612 possum
876 3557 996 3592 mnarum
1007 3539 1106 3590 viscera
1117 3553 1248 3604 nunquam

532 3623 654 3694 Inspexi;
672 3625 739 3678 ferre
751 3625 785 3676 ad
796 3630 905 3694 nuptam
916 3641 973 3692 quoe
984 3625 1064 3676 mittit
1076 3622 1187 3687 adulter,

532 3709 599 3770 Quae
610 3710 725 3774 mandat,
737 3717 830 3762 uomut
840 3709 900 3774 alii;
918 3727 961 3762 me
971 3727 1048 3762 nemo
1059 3710 1177 3762 ministro

532 3796 586 3848 Fur
598 3797 655 3858 erit,
667 3800 746 3864 atque
758 3796 817 3848 ideo
828 3791 893 3849 nulli
905 3813 992 3848 comes
1004 3813 1081 3859 exeo,
1093 3800 1217 3865 tanquam

533 3881 653 3947 Marcus,
665 3888 691 3934 et
704 3883 827 3935 extincta
839 3883 931 3954 corpus
943 3899 995 3934 non
1007 3881 1071 3934 utile
1083 3882 1194 3934 dextrae.

430 3993 532 4078 Fugio
568 4015 644 4078 ergo
678 3993 790 4058 urbem
825 3994 922 4059 tantis
955 3987 1205 4058 obscenitatibus
1236 3989 1379 4076 plenam;

426 4096 627 4163 adulatorum
643 4096 796 4162 veneficio
816 4098 998 4174 toxicatam,
1014 4097 1078 4161 suis
1092 4093 1309 4161 adulatoribus
1323 4093 1379 4156 de·

426 4197 580 4286 relinque.

847 4303 948 4361 Vivant
959 4307 1081 4360 Asturius
1092 4308 1160 4370 istic,

533 4396 569 4448 Et
581 4394 703 4460 Catulum
721 4399 843 4448 maneant
854 4395 899 4463 qui
910 4394 1014 4459 nigrum
1026 4394 1053 4444 iu
1066 4392 1176 4445 candida
1186 4395 1297 4445 redunt.

1546 1503 1650 1542 fi
