3425 5367
329 712 399 758 car.
414 693 506 772 xus]
678 707 935 752 consensimus.
1218 693 1281 752 205

328 865 524 949 praenomine
546 862 775 937 conclamatur,
788 859 998 923 salutationes
1014 859 1139 943 excipit
1152 860 1282 943 primas,

329 967 449 1050 primas
475 962 652 1028 sententias
669 963 705 1025 in
719 961 855 1045 judiciis
879 962 1009 1045 profert,
1032 962 1066 1023 in
1089 960 1285 1026 demonstra·

327 1067 468 1130 tionibus
488 1063 725 1137 honestissime,
750 1063 786 1124 in
810 1060 1092 1124 deliberationibus
1116 1061 1284 1125 utilissime

327 1170 434 1244 sentit,
459 1163 614 1251 quicquid
636 1165 790 1248 loquitur,
815 1165 863 1227 sal
885 1184 1008 1226 merum
1033 1175 1100 1238 est;
1129 1161 1284 1246 quicquid

328 1270 405 1352 agit,
421 1268 547 1353 justitia
560 1267 611 1329 rel
633 1266 815 1328 liberalitas.
860 1267 930 1345 Age
953 1285 1029 1344 ergo
1050 1275 1084 1328 ct
1102 1263 1185 1326 inter
1205 1263 1284 1328 istos

329 1389 442 1452 sapere
455 1367 550 1430 aude.
588 1366 671 1429 llico
681 1365 702 1397 ‘⁴
713 1366 815 1428 multa
827 1364 1028 1428 adulatorum
1040 1364 1145 1426 reniet
1159 1385 1284 1442 manus,

328 1483 361 1531 et
371 1469 469 1532 veluti
483 1480 515 1530 te
524 1466 633 1531 Judaei
647 1467 812 1547 cogentia
827 1487 918 1530 suam
930 1465 1109 1530 concedere
1123 1466 1283 1529 turbam.”

331 1568 542 1633 Multitudine
565 1570 675 1651 itaque
704 1569 766 1630 tuti
791 1575 878 1645 suut,
903 1577 936 1631 ct
960 1567 1110 1643 artificio,
1135 1577 1171 1630 ut
1194 1567 1282 1649 ipsos

328 1671 454 1755 possint
468 1670 563 1733 etiam
578 1687 679 1749 reges,
695 1681 728 1732 et
741 1669 906 1752 principes
920 1689 1114 1752 expugnare.
1142 1669 1188 1731 Et
1203 1669 1283 1732 miro

329 1771 426 1834 modo
437 1770 568 1834 inermis
578 1770 719 1854 populus
729 1772 882 1853 praevalet
895 1770 928 1832 in
943 1781 1092 1846 armatos,
1103 1779 1137 1834 et
1146 1770 1285 1834 mollicie

329 1895 402 1957 quae
424 1873 646 1936 robustissima
667 1885 753 1950 sunt,
777 1884 922 1956 potenter
943 1884 1121 1956 expugnat.
1164 1873 1285 1956 Dispo-

328 1995 454 2038 sueram
475 1985 583 2037 tamen
607 1973 699 2036 silere
721 1971 763 2035 de
785 1974 948 2050 mollibus,
967 1974 1022 2057 qui
1045 1975 1128 2038 sicut
1149 1975 1284 2055 ignomi-

328 2076 422 2151 niosi,
438 2077 483 2138 ita
504 2085 581 2138 sunt
594 2087 628 2137 et
640 2073 792 2136 videntur
811 2075 1069 2140 innominabiles.
1116 2075 1284 2140 Silentium

326 2177 442 2240 indicit
450 2177 626 2240 reverentia
635 2189 808 2253 morum,et
816 2175 1016 2240 verecundus
1024 2178 1162 2254 animus,
1171 2189 1285 2241 natura

330 2278 482 2356 dictante,
495 2280 623 2342 illorum
638 2277 783 2342 declinat
795 2289 972 2362 aspectum.
1015 2278 1102 2352 Quid
1116 2278 1240 2343 multa?

435 2389 465 2440 Si
475 2392 569 2439 namra
579 2391 670 2453 negat,
681 2383 747 2437 facit
756 2385 903 2453 indignatio
913 2385 1030 2438 verbum.

331 2485 427 2569 Apud
434 2485 515 2548 istos
523 2504 575 2546 ars
583 2495 633 2546 est
642 2503 732 2546 snam
742 2482 930 2565 pudicitiam
940 2483 1140 2566 prostituere,
1148 2486 1284 2550 alenam

331 2589 462 2662 violare,
473 2586 523 2647 rel
536 2605 733 2668 oppugnare.
762 2587 794 2648 N
797 2606 834 2648 ec
846 2584 978 2668 quidem
990 2583 1178 2668 simpliciter
1185 2609 1287 2664 snam,

329 2710 428 2772 quum
451 2687 645 2750 matrimonii
664 2696 857 2750 temerentur
872 2687 957 2769 jura,
971 2699 1004 2749 et
1023 2686 1170 2770 conjugis
1193 2687 1284 2752 adul·

331 2793 447 2854 terium
469 2789 592 2874 conjux
613 2801 772 2872 procuret.
816 2790 906 2852 Dum
928 2787 1089 2868 egreditur
1111 2811 1230 2873 sponsa
1244 2792 1286 2856 de

329 2892 469 2954 thalamo
499 2911 571 2967 suo,
593 2890 766 2974 conjugem
791 2892 860 2952 noli
884 2891 1033 2954 maritum
1062 2889 1201 2970 eredere,
1227 2889 1286 2954 sed

329 2994 488 3056 lenonem.
537 2990 694 3054 Producit
718 3012 800 3069 eam,
826 2990 1010 3054 libidinosis
1034 2992 1178 3076 exponit,
1202 2991 1286 3054 etsi

328 3115 405 3176 spes
426 3093 529 3156 dolosi
551 3093 674 3156 nummi
695 3094 860 3175 refulgeat,
882 3095 1018 3158 affectus
1044 3094 1162 3158 callida
1187 3095 1284 3158 simu·

326 3196 447 3258 latione
458 3195 632 3279 prostituit.
662 3194 747 3258 Filia
753 3216 895 3278 namque
910 3195 1084 3274 decentior,
1093 3205 1149 3258 aut
1163 3195 1190 3258 si
1205 3193 1285 3278 quid

327 3295 417 3360 aliud
438 3297 474 3360 iu
496 3296 618 3358 familia
638 3295 767 3376 placeat
788 3294 908 3368 ditiori,
929 3297 1061 3378 publica
1082 3317 1204 3358 merces
1225 3307 1285 3374 est,

329 3397 480 3482 exposita
505 3395 651 3480 quidem,
673 3396 700 3459 si
722 3407 898 3480 emptorem
925 3397 1077 3460 inveniat.
1121 3396 1187 3460 Sed
1207 3397 1285 3462 licet

323 3499 432 3584 justus
442 3498 536 3562 dolor
547 3519 605 3561 eos
615 3499 820 3582 ¹aliquatenus
829 3498 964 3574 cruciet,
973 3499 1029 3582 qui
1040 3498 1100 3560 tori
1112 3498 1285 3582 participes

329 3600 512 3676 admittunt,
520 3613 577 3662 ant
591 3599 727 3674 faciunt3
746 3598 904 3681 agritudo
915 3611 1024 3664 minen
1038 3599 1182 3664 utilitatis
1197 3621 1284 3663 com·

329 3698 450 3784 pendio
463 3700 634 3782 mitigatur,
650 3703 702 3764 rel
716 3702 829 3764 saltem
849 3700 971 3765 doloris
990 3700 1169 3766 dissimulat
1182 3701 1284 3765 cruci·

328 3815 426 3866 atum.
472 3801 509 3864 Si
530 3802 618 3866 enirn
639 3824 690 3866 res
711 3803 794 3866 serio
815 3815 938 3883 agatur,
954 3803 982 3866 si
1004 3804 1104 3866 libera
1126 3801 1285 3866 donentur

329 3905 457 3968 cunctis
472 3903 613 3988 judicia,
634 3923 701 3966 non
722 3915 771 3966 est
793 3903 896 3979 dolor,
916 3905 1000 3968 sicut
1023 3902 1115 3965 dolor
1135 3904 1199 3979 ille,
1220 3925 1284 3986 quo

329 4025 447 4088 corpus
461 4027 556 4068 sunm
571 4005 645 4088 quis
656 4002 742 4066 videt
756 4005 860 4067 aliena
876 4003 1010 4068 libidine
1020 4005 1132 4088 pollui.
1159 4003 1286 4070 Caetcra

329 4124 469 4186 namque
480 4117 616 4188 peccata
626 4115 717 4166 extra
731 4124 849 4188 corpus
860 4117 949 4178 sunt;
966 4104 1023 4168 sed
1038 4105 1093 4189 qui
1102 4103 1283 4185 fomicatur,

328 4201 364 4264 iu
387 4224 505 4287 corpus
524 4226 617 4268 suurn
638 4214 762 4286 peccat.
807 4206 896 4282 Hoc,
910 4205 1027 4288 inquit,
1041 4226 1078 4268 os
1096 4225 1137 4268 ex
1159 4207 1286 4270 ossibus

332 4300 423 4382 meis,
437 4319 470 4368 et
484 4326 560 4370 caro
580 4303 623 4367 de
641 4325 737 4368 carne
753 4327 835 4382 mea,
850 4317 886 4368 ut
902 4305 972 4390 jttm
997 4327 1062 4368 non
1082 4305 1147 4370 duo
1162 4307 1226 4372 sint
1240 4308 1286 4372 rir
