3425 5367
306 749 375 796 cae.
391 731 482 812 vnn]
657 747 911 793 PonYchtTmUS.
1197 729 1256 788 181

305 903 403 966 Varia
418 902 519 983 ligura
533 908 722 983 temporum,
739 908 867 962 actuum
888 897 1035 981 qnaedam
1050 896 1183 959 varietas
1198 906 1254 958 est.

304 1003 402 1066 Porro
417 1002 542 1066 actibus
555 1021 700 1084 personae
716 999 908 1076 deserviunt,
920 998 995 1060 dum
1012 999 1046 1060 in
1062 998 1110 1060 eis
1123 997 1258 1059 fortunae

299 1102 441 1186 jocantis
458 1101 555 1165 ludus
574 1101 731 1184 impletur.
770 1097 859 1170 Quid
878 1099 963 1162 enim
986 1099 1075 1162 aliud
1097 1107 1155 1174 est,
1170 1095 1259 1179 quod

305 1227 423 1269 novum
439 1205 625 1289 quemlihet,
635 1213 668 1265 et
678 1203 834 1283 ignotum,
845 1222 934 1264 nunc
947 1201 1144 1284 amplissimo
1156 1198 1260 1261 induit

305 1316 483 1391 potentatu,
507 1316 539 1368 et
560 1305 594 1367 in
617 1303 707 1386 regni
728 1303 892 1383 fastigium
921 1303 1023 1384 erigit,
1047 1323 1135 1365 nunc
1161 1300 1260 1365 alium

306 1417 515 1492 purpuratum
541 1415 717 1489 antequam·
738 1415 847 1468 natum
879 1404 920 1467 de
945 1405 1036 1484 regni
1062 1403 1201 1467 culmine
1225 1402 1260 1464 in

308 1519 440 1572 catenas
468 1507 600 1571 hostiles
628 1506 766 1590 projicit,
795 1513 828 1568 et
856 1504 1000 1567 servituti
1029 1502 1204 1580 addictum,
1228 1504 1262 1564 in

310 1609 452 1672 miserias
464 1619 622 1672 extremas
636 1605 828 1690 praecipitat.
866 1607 930 1668 Aut
944 1603 1031 1688 quod
1042 1604 1191 1687 frequens
1205 1614 1264 1680 est,

312 1731 378 1773 non
400 1707 498 1772 modo
520 1718 738 1791 tyrannorum,
761 1706 819 1770 sed
841 1716 875 1769 et
895 1704 1077 1789 principum
1099 1703 1263 1785 sanguine,

311 1810 494 1874 infimorum
517 1809 693 1884 hominum,
709 1819 765 1872 aut
786 1807 882 1870 etiam
903 1806 1012 1869 vilium
1033 1825 1203 1882 servorum,
1216 1804 1265 1867 in·

313 1913 412 1976 sames
427 1921 571 1975 ementat
586 1907 731 1992 gladios?

420 2049 449 2102 si
460 2047 563 2101 fortuna
573 2046 652 2112 volet,
665 2047 756 2118 itaquel,
767 2046 816 2099 fiet
828 2047 861 2100 de
872 2047 976 2099 rhetore
989 2045 1101 2098 Consule

419 2133 448 2186 Si
458 2132 529 2186 volet
539 2133 595 2187 hoeo
607 2133 707 2198 eadem,
719 2131 767 2184 fiet
778 2131 811 2185 de
824 2131 939 2185 Consule
950 2131 1045 2184 rhetor.

272 2281 275 2286 ·
316 2251 473 2332 lucoque
495 2249 562 2311 vita
582 2249 749 2311 hominum
771 2246 952 2329 Tragoediae
977 2267 1071 2330 qnam
1089 2243 1267 2310 Oomoediae

316 2349 533 2414 videturesse
558 2349 703 2424 similior,
727 2347 813 2432 quod
839 2348 983 2411 omnium
1008 2347 1073 2410 fere
1097 2347 1196 2409 tristis
1222 2356 1271 2411 est

318 2451 435 2528 exitus,
444 2450 520 2513 dum
533 2451 641 2513 omnia
651 2449 764 2512 mundi
776 2448 883 2512 dulcia
895 2458 1145 2531 quantacunque
1155 2447 1273 2512 suerint

320 2559 532 2624 amarescunt,
549 2561 581 2611 et
591 2560 734 2613 extrema
749 2549 857 2631 gaudii
868 2551 973 2612 luctus
985 2557 1132 2631 occupat
1164 2547 1274 2620 Quan-

284 2681 289 2694 ·
322 2651 471 2714 tumlibet
487 2651 522 2713 in
541 2651 601 2713 viis
623 2651 689 2714 suis
710 2651 815 2733 iniqui
834 2651 978 2726 floreant,
998 2660 1031 2712 et
1051 2668 1274 2731 prosperorum

321 2773 478 2817 concursu
503 2752 699 2831 inaurentur,
721 2752 768 2814 eis
793 2750 835 2813 ad
859 2762 974 2813 nutum
1001 2751 1127 2813 fortuna
1151 2749 1276 2826 seruiat,

322 2855 484 2917 subvertet
497 2853 529 2914 in
546 2851 611 2915 fine
626 2873 751 2934 gressus
766 2872 887 2929 eorum,
898 2860 931 2914 et
945 2850 1076 2914 tandem
1086 2871 1194 2914 amara
1204 2850 1275 2924 erit,

324 2955 416 3039 quasi
442 2953 646 3018 absinthium.
691 2955 808 3030 Quare,
829 2953 936 3036 inquit
956 2954 1068 3015 heatus
1088 2952 1164 3030 Job,
1185 2950 1278 3034 impii

325 3054 445 3129 vivunt,
462 3051 620 3116 sublevati
640 3063 723 3126 sunt,
741 3052 973 3136 confortatique
989 3050 1128 3116 divitiis?
1159 3053 1277 3117 Semen

325 3175 436 3218 eorum
458 3164 622 3238 permanet
643 3174 749 3218 coram
772 3155 829 3232 eis,
844 3153 1096 3238 propinquorum
1118 3155 1224 3228 turba,
1244 3164 1278 3217 et

325 3265 478 3337 nepotum
501 3254 536 3316 in
559 3265 736 3336 conspectu
758 3275 878 3332 eorum,
894 3250 1009 3316 domus
1030 3275 1138 3317 eorum
1159 3274 1279 3317 securae

327 3364 446 3418 suntet
460 3363 593 3438 pacatae,
609 3365 641 3417 et
654 3376 720 3417 non
737 3365 785 3418 est
799 3355 888 3436 virga
903 3354 967 3416 Dei
981 3375 1078 3437 super
1090 3355 1173 3418 illos.
1210 3355 1279 3418 Bos

326 3477 436 3520 eorum
458 3456 611 3540 concepit
633 3464 666 3519 et
687 3477 753 3518 non
775 3455 942 3532 abortivit3
972 3475 1070 3518 vacca
1090 3455 1225 3539 peperit,
1247 3466 1281 3520 et

327 3577 392 3618 non
407 3555 530 3639 privata
545 3565 595 3620 est
614 3555 693 3620 soetu
708 3579 777 3620 suo.
822 3555 1042 3638 Egredinntur
1064 3555 1155 3640 quasi
1169 3577 1281 3638 greges

328 3655 452 3738 parvuli
477 3677 595 3735 eorum,
622 3669 654 3720 et
678 3657 817 3720 infantes
841 3677 951 3720 eorum
977 3657 1123 3720 exultant
1146 3658 1282 3722 lusibus.

330 3757 457 3820 Tenent
467 3767 653 3840 tympanum
665 3769 698 3822 et
712 3759 879 3834 citharam,
890 3769 923 3821 et
932 3757 1074 3839 gaudent
1085 3757 1127 3821 ad
1142 3759 1282 3823 sonitum

332 3857 451 3940 organi.
496 3857 629 3920 Ducunt
648 3857 682 3921 in
696 3859 792 3922 bonis
811 3857 882 3922 dies
897 3878 983 3935 suos,
997 3869 1031 3920 et
1048 3859 1083 3920 in
1096 3870 1219 3940 puncto
1240 3858 1284 3922 ad

330 3957 454 4022 inferna
469 3956 678 4022 descendunt.
723 3959 805 4032 Quis
818 3959 939 4022 laetitiae
953 3957 1164 4042 precedentis
1177 3959 1286 4024 exitus

333 4069 439 4142 potest
461 4078 529 4122 esse
552 4058 698 4136 amarior,
720 4069 775 4122 aut
796 4058 900 4122 felicis
922 4059 982 4122 viae
1007 4059 1164 4122 infelicior
1185 4059 1284 4124 finisl

335 4159 419 4221 Haec
444 4169 493 4222 est
515 4159 602 4222 enim
625 4159 674 4223 ria
695 4160 832 4236 illorum,
855 4160 967 4244 quiin
988 4161 1099 4223 labore
1121 4161 1286 4226 hominnm

335 4277 402 4319 non
418 4269 502 4336 sunt,
517 4281 621 4343 neque
636 4281 710 4324 cum
725 4261 911 4324 hominihus
925 4261 1180 4342 flagellabuntur.
1215 4262 1288 4326 Uti-

337 4379 399 4440 que
416 4357 533 4441 dejecit
548 4381 603 4424 eos
628 4362 796 4426 consilium
813 4361 956 4442 Domini,
970 4361 1049 4427 dnm
1070 4362 1278 4428 allevarentur
