3425 5367
435 703 497 764 168
689 716 825 762 roavurs
840 716 1119 764 saunsnnnmuns
1236 703 1319 782 [nra.
1335 723 1389 768 111.

432 867 538 950 batur,
552 867 726 952 extinguat.
774 868 826 933 Ad
842 869 913 932 haec
934 869 1114 934 auditor-um
1137 892 1229 935 aures
1249 871 1389 950 obturat,

433 991 474 1034 ne
490 969 622 1035 audiant
637 992 766 1048 verum3
797 993 861 1058 quo
878 970 956 1057 quid
972 972 1070 1057 possit
1089 994 1157 1037 esse
1172 973 1390 1060 perniciosius,

433 1094 496 1137 uon
512 1072 604 1137 facile
619 1073 765 1138 dixerim.
797 1073 920 1139 Scitum
936 1085 984 1138 est
997 1073 1079 1138 illud
1095 1074 1200 1153 Laelii,
1215 1088 1272 1140 aut
1286 1077 1391 1162 potius

434 1174 614 1241 Ciceronis:
643 1176 744 1262 Cujus
759 1197 852 1241 aures
867 1175 984 1240 clausae
998 1188 1073 1240 sunt
1087 1176 1212 1241 veritati
1228 1188 1265 1242 ut
1278 1199 1390 1242 verum

432 1277 542 1342 audire
564 1299 627 1343 non
648 1278 757 1364 possit,
781 1278 850 1363 ejus
872 1277 957 1342 salus
978 1278 1177 1364 desperanda
1197 1291 1254 1346 est
1300 1280 1389 1355 Quid

431 1401 506 1444 vero
520 1379 682 1445 infidelius
696 1403 794 1467 quam
816 1402 903 1457 eum,
919 1380 971 1445 cui
987 1381 1085 1446 fidem
1107 1381 1235 1460 debeas,
1251 1381 1388 1448 circum-

431 1483 539 1547 venire
563 1483 733 1548 verborum
759 1482 935 1562 blanditiis,
957 1483 1095 1548 ludibrio
1120 1484 1257 1563 habitus,
1279 1496 1388 1570 gestus

431 1585 718 1670 transfiguratione,
744 1598 778 1650 et
803 1586 901 1651 totius
930 1587 1077 1652 vanitatis
1101 1587 1260 1654 lenocinio
1285 1611 1387 1654 excae-

431 1699 549 1765 catum,
565 1689 599 1752 in
615 1689 723 1753 sordes
738 1689 887 1754 vitiorum
896 1689 1064 1775 impellere
1080 1702 1113 1756 et
1127 1691 1386 1778 praecipitationis

430 1789 604 1878 abyssum?
637 1791 726 1865 Quid
754 1791 905 1856 odibilius
931 1791 1042 1858 fraude
1067 1806 1101 1858 et
1125 1794 1209 1872 dolo,
1236 1817 1301 1880 quo
1325 1796 1385 1861 sub

429 1894 570 1978 imagine
584 1894 700 1958 amoris
715 1906 748 1958 et
762 1893 848 1972 fidei,
865 1895 899 1958 in
919 1895 1096 1982 simplicem
1111 1907 1145 1961 et
1158 1897 1326 1961 credulum
1340 1911 1384 1976 et,

430 1996 516 2083 quod
546 1995 765 2060 detestabilius
793 2009 852 2071 est,
876 1996 1027 2074 amicum,
1051 1998 1195 2082 perlidiae
1220 2011 1254 2064 et
1278 2000 1386 2064 iuimi-

431 2100 577 2164 citiarum
604 2099 749 2185 nequitia
775 2099 965 2166 exercetur?
1004 2100 1076 2165 Hoc
1100 2101 1257 2188 siquidem
1282 2126 1385 2188 genus

429 2199 595 2264 hominum
618 2200 726 2264 omnia
741 2200 941 2287 loquentium
960 2201 1001 2266 ad
1017 2202 1223 2288 voluptatem,
1239 2205 1281 2269 ad
1302 2206 1385 2270 veri·

429 2314 527 2369 tatem
549 2301 639 2368 nibil.
684 2303 794 2367 Verba
811 2304 875 2368 oris
895 2305 965 2389 ejus
986 2304 1137 2391 iniquitas
1158 2318 1192 2370 et
1208 2306 1312 2385 dolus,
1327 2308 1383 2394 qui

427 2407 525 2472 etiam
547 2406 726 2471 errantibus
747 2407 868 2486 amicis,
883 2407 924 2471 ad
946 2430 1057 2472 eorum
1075 2409 1312 2474 subversionem
1333 2409 1384 2472 in·

427 2509 580 2593 geminat,
592 2531 686 2594 euge,
701 2530 793 2593 euge.
840 2510 931 2587 Quos
946 2523 982 2574 ut
996 2509 1122 2595 plenius
1141 2512 1275 2588 noveris,
1292 2513 1383 2585 Gua-

427 2611 558 2677 thonem
582 2612 668 2698 apud
685 2612 853 2678 Comicum
875 2612 958 2690 vide,
974 2626 1007 2676 et
1029 2613 1106 2699 quid
1128 2614 1169 2678 de
1191 2637 1225 2679 se
1247 2614 1384 2683 fateatur

428 2714 582 2781 ausculta.

498 2825 590 2894 Negat
601 2827 667 2895 quis,
679 2845 756 2895 nego,
768 2829 815 2893 ait,
827 2829 878 2882 aio.
916 2829 1036 2898 Denique
1046 2829 1171 2900 imperavi
1182 2835 1286 2898 egomet
1296 2830 1371 2896 mihi,

497 2911 594 2964 Omnia
607 2914 743 2964 assentari.

429 3029 514 3094 Tota
528 3029 615 3098 enim
630 3029 895 3112 gnathonicorum
912 3033 1017 3110 factio,
1033 3035 1190 3100 comoedia
1204 3047 1262 3102 est.

696 3211 699 3216 .
812 3163 903 3229 Rides,
915 3166 1012 3236 majore
1022 3168 1146 3221 cachinno

496 3247 661 3311 dormitum
679 3247 734 3312 flet,
747 3249 769 3300 si
780 3248 927 3318 lachrymas
938 3254 1077 3323 conspexit
1088 3255 1173 3318 amici,

496 3336 555 3389 Nec
567 3334 654 3388 dolet:
673 3333 815 3402 igniculum
826 3337 848 3388 si
861 3337 958 3390 brumas
973 3346 1090 3409 tempore
1101 3356 1199 3409 poscae,

498 3423 602 3494 Accipit
613 3421 804 3486 endromidem3
823 3424 845 3474 ri
857 3423 955 3476 dixeris
966 3425 1071 3486 AEstuo,
1083 3424 1169 3476 sudat.

430 3539 527 3602 Unde
546 3536 730 3600 Umbricius
745 3536 859 3620 inquit,

495 3645 523 3695 N
525 3662 558 3696 on
569 3661 657 3696 sumus
668 3661 730 3710 ergo
740 3661 829 3714 pares:
848 3643 940 3698 melior
951 3648 995 3715 qui
1006 3665 1117 3721 semper,
1128 3659 1156 3707 et
1167 3657 1237 3707 omni

496 3729 583 3780 Nocte
596 3728 691 3796 dieque
703 3733 789 3800 potest
800 3729 916 3783 alienum
927 3749 1027 3787 sumere
1038 3736 1149 3804 vultum,

496 3814 523 3866 A
534 3813 601 3867 facie
608 3814 707 3886 jactare
719 3831 819 3882 manus,
829 3815 937 3870 laudare
948 3826 1063 3890 paratus,
1093 3825 1096 3831 '

495 3902 523 3953 Si
535 3901 603 3953 bene
614 3901 731 3962 ructavit,
745 3907 790 3954 aut
802 3903 824 3955 si
836 3904 899 3971 quid
909 3903 971 3958 fecit
982 3908 1081 3961 amicus

494 3986 573 4049 Quod
583 3985 696 4057 proferre
707 3985 793 4058 palam
804 4007 854 4041 non
866 3991 949 4061 possit
958 3991 1049 4060 lingua
1059 3995 1184 4050 modeste.

426 4107 522 4180 Quod
537 4106 667 4194 quidem
686 4127 747 4170 non
764 4109 860 4174 modo
874 4111 989 4190 amico,
1004 4115 1061 4178 sed
1076 4137 1117 4180 ne
1133 4117 1234 4182 libero
1249 4119 1376 4187 homine

425 4209 558 4294 dignum
582 4219 640 4285 est,
658 4231 756 4295 quum
781 4233 855 4276 vera
878 4224 911 4276 et
929 4216 1024 4279 unica
1049 4216 1179 4293 libertas
1200 4221 1232 4284 in
1257 4221 1380 4289 virtutis

425 4311 563 4400 speciem
590 4311 692 4391 cadat,
720 4323 753 4376 et
778 4314 942 4400 turpitudo
968 4339 1047 4404 quos
1072 4319 1184 4402 inlicit,
1208 4336 1377 4410 postremae
