<?xml version="1.0" encoding="UTF-8"?>
<!DOCTYPE html PUBLIC "-//W3C//DTD XHTML 1.0 Transitional//EN"
    "http://www.w3.org/TR/xhtml1/DTD/xhtml1-transitional.dtd">
<html xmlns="http://www.w3.org/1999/xhtml" xml:lang="en" lang="en">
 <head>
  <title>
</title>
<meta http-equiv="Content-Type" content="text/html;charset=utf-8" />
  <meta name='ocr-system' content='tesseract 3.04.00' />
  <meta name='ocr-capabilities' content='ocr_page ocr_carea ocr_par ocr_line ocrx_word'/>
</head>
<body>
  <div class='ocr_page' id='page_1' title='image "./operaomnianuncp04johngoog_0231.png"; bbox 0 0 3425 5367; ppageno 0'>
   <div class='ocr_carea' id='block_1_1' title="bbox 416 723 1368 803">
    <p class='ocr_par' dir='ltr' id='par_1_1' title="bbox 416 723 1368 803">
     <span class='ocr_line' id='line_1_1' title="bbox 416 723 1368 803; baseline 0 -15"><span class='ocrx_word' id='word_1_1' title='bbox 416 729 481 789; x_wconf 72' lang='lat'><strong>220</strong></span> <span class='ocrx_word' id='word_1_2' title='bbox 685 742 821 788; x_wconf 79' lang='lat' dir='ltr'><strong>scaurus</strong></span> <span class='ocrx_word' id='word_1_3' title='bbox 835 741 1114 788; x_wconf 75' lang='lat' dir='ltr'><strong>sanasnnaransrs</strong></span> <span class='ocrx_word' id='word_1_4' title='bbox 1226 723 1306 803; x_wconf 82' lang='lat' dir='ltr'><strong>[mn.</strong></span> <span class='ocrx_word' id='word_1_5' title='bbox 1324 744 1368 788; x_wconf 81' lang='lat' dir='ltr'><strong>w.</strong></span> 
     </span>
    </p>
   </div>
   <div class='ocr_carea' id='block_1_2' title="bbox 414 893 1427 4017">
    <p class='ocr_par' dir='ltr' id='par_1_2' title="bbox 414 893 1427 4017">
     <span class='ocr_line' id='line_1_2' title="bbox 418 893 1371 980; baseline 0 -23"><span class='ocrx_word' id='word_1_6' title='bbox 418 894 519 959; x_wconf 84' lang='lat' dir='ltr'><strong>inesse</strong></span> <span class='ocrx_word' id='word_1_7' title='bbox 533 893 742 980; x_wconf 88' lang='lat' dir='ltr'><strong>principibus,</strong></span> <span class='ocrx_word' id='word_1_8' title='bbox 758 893 835 957; x_wconf 89' lang='lat' dir='ltr'><strong>dum</strong></span> <span class='ocrx_word' id='word_1_9' title='bbox 852 893 995 957; x_wconf 89' lang='lat' dir='ltr'><strong>homines</strong></span> <span class='ocrx_word' id='word_1_10' title='bbox 1015 893 1148 957; x_wconf 89' lang='lat' dir='ltr'><strong>nutibus</strong></span> <span class='ocrx_word' id='word_1_11' title='bbox 1163 915 1273 956; x_wconf 91' lang='lat' dir='ltr'><strong>eorum</strong></span> <span class='ocrx_word' id='word_1_12' title='bbox 1289 893 1371 958; x_wconf 89' lang='lat' dir='ltr'><strong>colla</strong></span> 
     </span>
     <span class='ocr_line' id='line_1_3' title="bbox 419 993 1371 1080; baseline 0 -20"><span class='ocrx_word' id='word_1_13' title='bbox 419 996 624 1073; x_wconf 90' lang='lat' dir='ltr'><strong>submittunt,</strong></span> <span class='ocrx_word' id='word_1_14' title='bbox 647 1009 678 1059; x_wconf 91' lang='lat' dir='ltr'><strong>et</strong></span> <span class='ocrx_word' id='word_1_15' title='bbox 706 996 809 1061; x_wconf 92' lang='lat' dir='ltr'><strong>securi</strong></span> <span class='ocrx_word' id='word_1_16' title='bbox 834 994 1026 1080; x_wconf 88' lang='lat' dir='ltr'><strong>plerumque</strong></span> <span class='ocrx_word' id='word_1_17' title='bbox 1048 993 1204 1058; x_wconf 81' lang='lat' dir='ltr'><strong>feriendas</strong></span> <span class='ocrx_word' id='word_1_18' title='bbox 1226 995 1371 1080; x_wconf 82' lang='lat' dir='ltr'><strong>praebent</strong></span> 
     </span>
     <span class='ocr_line' id='line_1_4' title="bbox 418 1095 1370 1183; baseline -0.001 -23"><span class='ocrx_word' id='word_1_19' title='bbox 418 1097 565 1175; x_wconf 90' lang='lat' dir='ltr'><strong>cervices,</strong></span> <span class='ocrx_word' id='word_1_20' title='bbox 579 1111 611 1163; x_wconf 91' lang='lat' dir='ltr'><strong>et</strong></span> <span class='ocrx_word' id='word_1_21' title='bbox 626 1096 765 1183; x_wconf 91' lang='lat' dir='ltr'><strong>impulsu</strong></span> <span class='ocrx_word' id='word_1_22' title='bbox 780 1095 891 1159; x_wconf 82' lang='lat' dir='ltr'><strong>divino</strong></span> <span class='ocrx_word' id='word_1_23' title='bbox 905 1095 1040 1181; x_wconf 91' lang='lat' dir='ltr'><strong>quisque</strong></span> <span class='ocrx_word' id='word_1_24' title='bbox 1056 1098 1156 1169; x_wconf 86' lang='lat' dir='ltr'><strong>timet,</strong></span> <span class='ocrx_word' id='word_1_25' title='bbox 1170 1095 1287 1181; x_wconf 92' lang='lat' dir='ltr'><strong>quibus</strong></span> <span class='ocrx_word' id='word_1_26' title='bbox 1302 1096 1370 1181; x_wconf 86' lang='lat' dir='ltr'><strong>ipse</strong></span> 
     </span>
     <span class='ocr_line' id='line_1_5' title="bbox 420 1197 1368 1283; baseline -0.002 -21"><span class='ocrx_word' id='word_1_27' title='bbox 420 1198 526 1262; x_wconf 87' lang='lat' dir='ltr'><strong>timori</strong></span> <span class='ocrx_word' id='word_1_28' title='bbox 545 1215 602 1265; x_wconf 88' lang='lat' dir='ltr'><strong>est.</strong></span> <span class='ocrx_word' id='word_1_29' title='bbox 648 1199 743 1277; x_wconf 84' lang='lat' dir='ltr'><strong>Quod</strong></span> <span class='ocrx_word' id='word_1_30' title='bbox 763 1198 832 1262; x_wconf 85' lang='lat' dir='ltr'><strong>lieri</strong></span> <span class='ocrx_word' id='word_1_31' title='bbox 853 1219 945 1283; x_wconf 90' lang='lat' dir='ltr'><strong>posse</strong></span> <span class='ocrx_word' id='word_1_32' title='bbox 967 1219 1029 1259; x_wconf 91' lang='lat' dir='ltr'><strong>non</strong></span> <span class='ocrx_word' id='word_1_33' title='bbox 1046 1197 1194 1272; x_wconf 85' lang='lat' dir='ltr'><strong>arbitror,</strong></span> <span class='ocrx_word' id='word_1_34' title='bbox 1211 1199 1271 1261; x_wconf 90' lang='lat' dir='ltr'><strong>nisi</strong></span> <span class='ocrx_word' id='word_1_35' title='bbox 1285 1209 1368 1260; x_wconf 93' lang='lat' dir='ltr'><strong>nutu</strong></span> 
     </span>
     <span class='ocr_line' id='line_1_6' title="bbox 419 1297 1370 1382; baseline -0.002 -20"><span class='ocrx_word' id='word_1_36' title='bbox 419 1299 553 1364; x_wconf 83' lang='lat' dir='ltr'><strong>faciente</strong></span> <span class='ocrx_word' id='word_1_37' title='bbox 568 1299 687 1364; x_wconf 89' lang='lat' dir='ltr'><strong>divino.</strong></span> <span class='ocrx_word' id='word_1_38' title='bbox 732 1298 845 1362; x_wconf 91' lang='lat' dir='ltr'><strong>Omnis</strong></span> <span class='ocrx_word' id='word_1_39' title='bbox 862 1297 944 1360; x_wconf 85' lang='lat' dir='ltr'><strong>enirn</strong></span> <span class='ocrx_word' id='word_1_40' title='bbox 961 1310 1102 1382; x_wconf 86' lang='lat' dir='ltr'><strong>potestas</strong></span> <span class='ocrx_word' id='word_1_41' title='bbox 1116 1321 1135 1360; x_wconf 93' lang='lat' dir='ltr'><strong>a</strong></span> <span class='ocrx_word' id='word_1_42' title='bbox 1149 1297 1278 1362; x_wconf 92' lang='lat' dir='ltr'><strong>domino</strong></span> <span class='ocrx_word' id='word_1_43' title='bbox 1299 1301 1370 1362; x_wconf 92' lang='lat' dir='ltr'><strong>Deo</strong></span> 
     </span>
     <span class='ocr_line' id='line_1_7' title="bbox 419 1398 1368 1484; baseline -0.004 -18"><span class='ocrx_word' id='word_1_44' title='bbox 419 1413 480 1477; x_wconf 80' lang='lat' dir='ltr'><strong>est,</strong></span> <span class='ocrx_word' id='word_1_45' title='bbox 494 1412 614 1465; x_wconf 90' lang='lat' dir='ltr'><strong>etcum</strong></span> <span class='ocrx_word' id='word_1_46' title='bbox 629 1400 685 1463; x_wconf 92' lang='lat' dir='ltr'><strong>illo</strong></span> <span class='ocrx_word' id='word_1_47' title='bbox 699 1399 763 1462; x_wconf 85' lang='lat' dir='ltr'><strong>fuit</strong></span> <span class='ocrx_word' id='word_1_48' title='bbox 777 1421 911 1484; x_wconf 86' lang='lat' dir='ltr'><strong>semper,</strong></span> <span class='ocrx_word' id='word_1_49' title='bbox 923 1411 955 1462; x_wconf 93' lang='lat' dir='ltr'><strong>et</strong></span> <span class='ocrx_word' id='word_1_50' title='bbox 971 1410 1103 1464; x_wconf 88' lang='lat' dir='ltr'><strong>estante</strong></span> <span class='ocrx_word' id='word_1_51' title='bbox 1118 1421 1234 1465; x_wconf 84' lang='lat' dir='ltr'><strong>aevunr.</strong></span> <span class='ocrx_word' id='word_1_52' title='bbox 1272 1398 1368 1474; x_wconf 88' lang='lat' dir='ltr'><strong>Quod</strong></span> 
     </span>
     <span class='ocr_line' id='line_1_8' title="bbox 418 1501 1372 1588; baseline 0.001 -23"><span class='ocrx_word' id='word_1_53' title='bbox 418 1502 520 1587; x_wconf 88' lang='lat' dir='ltr'><strong>igitur</strong></span> <span class='ocrx_word' id='word_1_54' title='bbox 541 1504 687 1588; x_wconf 85' lang='lat' dir='ltr'><strong>princeps</strong></span> <span class='ocrx_word' id='word_1_55' title='bbox 708 1511 826 1586; x_wconf 89' lang='lat' dir='ltr'><strong>potest,</strong></span> <span class='ocrx_word' id='word_1_56' title='bbox 847 1501 894 1564; x_wconf 90' lang='lat' dir='ltr'><strong>ita</strong></span> <span class='ocrx_word' id='word_1_57' title='bbox 915 1522 935 1562; x_wconf 90' lang='lat' dir='ltr'><strong>a</strong></span> <span class='ocrx_word' id='word_1_58' title='bbox 957 1503 1028 1564; x_wconf 92' lang='lat' dir='ltr'><strong>Deo</strong></span> <span class='ocrx_word' id='word_1_59' title='bbox 1050 1514 1109 1579; x_wconf 89' lang='lat' dir='ltr'><strong>est,</strong></span> <span class='ocrx_word' id='word_1_60' title='bbox 1130 1515 1167 1565; x_wconf 93' lang='lat' dir='ltr'><strong>ut</strong></span> <span class='ocrx_word' id='word_1_61' title='bbox 1188 1514 1330 1588; x_wconf 88' lang='lat' dir='ltr'><strong>potestas</strong></span> <span class='ocrx_word' id='word_1_62' title='bbox 1352 1525 1372 1566; x_wconf 94' lang='lat' dir='ltr'><strong>a</strong></span> 
     </span>
     <span class='ocr_line' id='line_1_9' title="bbox 419 1600 1370 1690; baseline 0.001 -23"><span class='ocrx_word' id='word_1_63' title='bbox 419 1603 559 1668; x_wconf 91' lang='lat' dir='ltr'><strong>Domino</strong></span> <span class='ocrx_word' id='word_1_64' title='bbox 584 1625 646 1666; x_wconf 91' lang='lat' dir='ltr'><strong>non</strong></span> <span class='ocrx_word' id='word_1_65' title='bbox 671 1601 808 1680; x_wconf 78' lang='lat' dir='ltr'>recedat,</span> <span class='ocrx_word' id='word_1_66' title='bbox 830 1600 886 1665; x_wconf 86' lang='lat' dir='ltr'><strong>sed</strong></span> <span class='ocrx_word' id='word_1_67' title='bbox 908 1624 946 1664; x_wconf 89' lang='lat' dir='ltr'><strong>ea</strong></span> <span class='ocrx_word' id='word_1_68' title='bbox 968 1602 1072 1666; x_wconf 90' lang='lat' dir='ltr'><strong>utitur</strong></span> <span class='ocrx_word' id='word_1_69' title='bbox 1094 1625 1151 1688; x_wconf 92' lang='lat' dir='ltr'><strong>per</strong></span> <span class='ocrx_word' id='word_1_70' title='bbox 1174 1604 1370 1690; x_wconf 78' lang='lat' dir='ltr'><strong>suppositam</strong></span> 
     </span>
     <span class='ocr_line' id='line_1_10' title="bbox 418 1702 1369 1782; baseline 0.002 -14"><span class='ocrx_word' id='word_1_71' title='bbox 418 1725 558 1781; x_wconf 88' lang='lat' dir='ltr'><strong>manum,</strong></span> <span class='ocrx_word' id='word_1_72' title='bbox 573 1704 606 1767; x_wconf 92' lang='lat' dir='ltr'><strong>in</strong></span> <span class='ocrx_word' id='word_1_73' title='bbox 621 1703 768 1768; x_wconf 90' lang='lat' dir='ltr'><strong>omnibus</strong></span> <span class='ocrx_word' id='word_1_74' title='bbox 782 1702 959 1766; x_wconf 84' lang='lat' dir='ltr'><strong>doctrinam</strong></span> <span class='ocrx_word' id='word_1_75' title='bbox 976 1702 1096 1768; x_wconf 84' lang='lat' dir='ltr'><strong>faciens</strong></span> <span class='ocrx_word' id='word_1_76' title='bbox 1110 1704 1297 1782; x_wconf 86' lang='lat' dir='ltr'><strong>clementiae,</strong></span> <span class='ocrx_word' id='word_1_77' title='bbox 1313 1719 1369 1771; x_wconf 94' lang='lat' dir='ltr'><strong>aut</strong></span> 
     </span>
     <span class='ocr_line' id='line_1_11' title="bbox 414 1804 1371 1891; baseline 0.001 -22"><span class='ocrx_word' id='word_1_78' title='bbox 414 1807 552 1891; x_wconf 73' lang='lat' dir='ltr'><strong>justitiae</strong></span> <span class='ocrx_word' id='word_1_79' title='bbox 574 1828 652 1870; x_wconf 86' lang='lat' dir='ltr'><strong>suae.</strong></span> <span class='ocrx_word' id='word_1_80' title='bbox 695 1804 758 1882; x_wconf 85' lang='lat' dir='ltr'><strong>Qui</strong></span> <span class='ocrx_word' id='word_1_81' title='bbox 782 1827 859 1889; x_wconf 92' lang='lat' dir='ltr'><strong>ergo</strong></span> <span class='ocrx_word' id='word_1_82' title='bbox 880 1804 998 1869; x_wconf 86' lang='lat' dir='ltr'><strong>resistit</strong></span> <span class='ocrx_word' id='word_1_83' title='bbox 1020 1805 1181 1890; x_wconf 85' lang='lat' dir='ltr'><strong>potestati,</strong></span> <span class='ocrx_word' id='word_1_84' title='bbox 1200 1809 1262 1870; x_wconf 91' lang='lat' dir='ltr'><strong>Dei</strong></span> <span class='ocrx_word' id='word_1_85' title='bbox 1285 1806 1371 1870; x_wconf 89' lang='lat' dir='ltr'><strong>ordi·</strong></span> 
     </span>
     <span class='ocr_line' id='line_1_12' title="bbox 418 1905 1371 1990; baseline 0 -20"><span class='ocrx_word' id='word_1_86' title='bbox 418 1907 537 1971; x_wconf 89' lang='lat' dir='ltr'><strong>nationi</strong></span> <span class='ocrx_word' id='word_1_87' title='bbox 553 1905 681 1985; x_wconf 88' lang='lat' dir='ltr'><strong>resistit,</strong></span> <span class='ocrx_word' id='word_1_88' title='bbox 695 1927 792 1990; x_wconf 91' lang='lat' dir='ltr'><strong>penes</strong></span> <span class='ocrx_word' id='word_1_89' title='bbox 811 1928 906 1990; x_wconf 89' lang='lat' dir='ltr'><strong>quem</strong></span> <span class='ocrx_word' id='word_1_90' title='bbox 927 1919 974 1969; x_wconf 90' lang='lat' dir='ltr'><strong>est</strong></span> <span class='ocrx_word' id='word_1_91' title='bbox 994 1906 1169 1972; x_wconf 87' lang='lat' dir='ltr'><strong>auctoritas</strong></span> <span class='ocrx_word' id='word_1_92' title='bbox 1189 1907 1371 1970; x_wconf 86' lang='lat' dir='ltr'><strong>conferendi</strong></span> 
     </span>
     <span class='ocr_line' id='line_1_13' title="bbox 418 2006 1369 2093; baseline 0.003 -22"><span class='ocrx_word' id='word_1_93' title='bbox 418 2030 499 2088; x_wconf 87' lang='lat' dir='ltr'><strong>eam,</strong></span> <span class='ocrx_word' id='word_1_94' title='bbox 527 2021 560 2072; x_wconf 92' lang='lat' dir='ltr'><strong>et</strong></span> <span class='ocrx_word' id='word_1_95' title='bbox 589 2029 690 2093; x_wconf 92' lang='lat' dir='ltr'><strong>quum</strong></span> <span class='ocrx_word' id='word_1_96' title='bbox 714 2007 796 2084; x_wconf 90' lang='lat' dir='ltr'><strong>vult,</strong></span> <span class='ocrx_word' id='word_1_97' title='bbox 818 2007 996 2084; x_wconf 81' lang='lat' dir='ltr'><strong>auferendi,</strong></span> <span class='ocrx_word' id='word_1_98' title='bbox 1022 2006 1072 2070; x_wconf 92' lang='lat' dir='ltr'><strong>vel</strong></span> <span class='ocrx_word' id='word_1_99' title='bbox 1101 2007 1264 2071; x_wconf 91' lang='lat' dir='ltr'><strong>minuendi</strong></span> <span class='ocrx_word' id='word_1_100' title='bbox 1290 2031 1369 2075; x_wconf 89' lang='lat' dir='ltr'><strong>eam.</strong></span> 
     </span>
     <span class='ocr_line' id='line_1_14' title="bbox 419 2107 1371 2195; baseline -0.001 -21"><span class='ocrx_word' id='word_1_101' title='bbox 419 2114 533 2195; x_wconf 90' lang='lat' dir='ltr'><strong>Neque</strong></span> <span class='ocrx_word' id='word_1_102' title='bbox 544 2109 626 2172; x_wconf 92' lang='lat' dir='ltr'><strong>enim</strong></span> <span class='ocrx_word' id='word_1_103' title='bbox 638 2107 778 2194; x_wconf 91' lang='lat' dir='ltr'><strong>potentis</strong></span> <span class='ocrx_word' id='word_1_104' title='bbox 787 2121 845 2184; x_wconf 90' lang='lat' dir='ltr'><strong>est,</strong></span> <span class='ocrx_word' id='word_1_105' title='bbox 857 2129 958 2192; x_wconf 90' lang='lat' dir='ltr'><strong>quum</strong></span> <span class='ocrx_word' id='word_1_106' title='bbox 970 2107 1039 2172; x_wconf 89' lang='lat' dir='ltr'><strong>vult</strong></span> <span class='ocrx_word' id='word_1_107' title='bbox 1053 2107 1160 2172; x_wconf 72' lang='lat' dir='ltr'><strong>saevire</strong></span> <span class='ocrx_word' id='word_1_108' title='bbox 1169 2108 1200 2171; x_wconf 88' lang='lat' dir='ltr'><strong>in</strong></span> <span class='ocrx_word' id='word_1_109' title='bbox 1214 2109 1371 2191; x_wconf 89' lang='lat' dir='ltr'><strong>subditos,</strong></span> 
     </span>
     <span class='ocr_line' id='line_1_15' title="bbox 419 2207 1370 2295; baseline 0 -21"><span class='ocrx_word' id='word_1_110' title='bbox 419 2211 474 2274; x_wconf 90' lang='lat' dir='ltr'><strong>sed</strong></span> <span class='ocrx_word' id='word_1_111' title='bbox 489 2210 604 2274; x_wconf 72' lang='lat' dir='ltr'><strong>divinae</strong></span> <span class='ocrx_word' id='word_1_112' title='bbox 619 2207 872 2294; x_wconf 84' lang='lat' dir='ltr'><strong>dispensationis,</strong></span> <span class='ocrx_word' id='word_1_113' title='bbox 884 2231 944 2292; x_wconf 91' lang='lat' dir='ltr'><strong>pro</strong></span> <span class='ocrx_word' id='word_1_114' title='bbox 958 2208 1157 2294; x_wconf 88' lang='lat' dir='ltr'><strong>beneplacito</strong></span> <span class='ocrx_word' id='word_1_115' title='bbox 1171 2231 1229 2272; x_wconf 92' lang='lat' dir='ltr'><strong>suo</strong></span> <span class='ocrx_word' id='word_1_116' title='bbox 1244 2210 1370 2295; x_wconf 87' lang='lat' dir='ltr'><strong>punire,</strong></span> 
     </span>
     <span class='ocr_line' id='line_1_16' title="bbox 419 2309 1371 2396; baseline 0.003 -23"><span class='ocrx_word' id='word_1_117' title='bbox 419 2311 469 2374; x_wconf 89' lang='lat' dir='ltr'><strong>vel</strong></span> <span class='ocrx_word' id='word_1_118' title='bbox 494 2333 639 2374; x_wconf 83' lang='lat' dir='ltr'><strong>exercere</strong></span> <span class='ocrx_word' id='word_1_119' title='bbox 664 2310 833 2395; x_wconf 89' lang='lat' dir='ltr'><strong>subjectos.</strong></span> <span class='ocrx_word' id='word_1_120' title='bbox 879 2309 975 2375; x_wconf 91' lang='lat' dir='ltr'><strong>Unde</strong></span> <span class='ocrx_word' id='word_1_121' title='bbox 1002 2324 1034 2374; x_wconf 91' lang='lat' dir='ltr'><strong>et</strong></span> <span class='ocrx_word' id='word_1_122' title='bbox 1062 2310 1095 2373; x_wconf 93' lang='lat' dir='ltr'><strong>in</strong></span> <span class='ocrx_word' id='word_1_123' title='bbox 1123 2311 1371 2396; x_wconf 88' lang='lat' dir='ltr'><strong>persequutione</strong></span> 
     </span>
     <span class='ocr_line' id='line_1_17' title="bbox 420 2410 1369 2497; baseline -0.001 -21"><span class='ocrx_word' id='word_1_124' title='bbox 420 2414 627 2490; x_wconf 93' lang='lat' dir='ltr'><strong>Hunnorum,</strong></span> <span class='ocrx_word' id='word_1_125' title='bbox 642 2410 745 2476; x_wconf 88' lang='lat' dir='ltr'><strong>Attila</strong></span> <span class='ocrx_word' id='word_1_126' title='bbox 760 2410 976 2495; x_wconf 88' lang='lat' dir='ltr'><strong>interrogatus</strong></span> <span class='ocrx_word' id='word_1_127' title='bbox 995 2433 1015 2474; x_wconf 89' lang='lat' dir='ltr'><strong>a</strong></span> <span class='ocrx_word' id='word_1_128' title='bbox 1036 2410 1181 2496; x_wconf 88' lang='lat' dir='ltr'><strong>religioso</strong></span> <span class='ocrx_word' id='word_1_129' title='bbox 1202 2411 1369 2497; x_wconf 87' lang='lat' dir='ltr'><strong>cujusdam</strong></span> 
     </span>
     <span class='ocr_line' id='line_1_18' title="bbox 419 2512 1371 2600; baseline -0.001 -22"><span class='ocrx_word' id='word_1_130' title='bbox 419 2514 735 2600; x_wconf 85' lang='lat' dir='ltr'><strong>civitatisEpiscopo,</strong></span> <span class='ocrx_word' id='word_1_131' title='bbox 745 2514 820 2597; x_wconf 88' lang='lat' dir='ltr'><strong>quis</strong></span> <span class='ocrx_word' id='word_1_132' title='bbox 828 2527 926 2588; x_wconf 79' lang='lat' dir='ltr'><strong>esset3</strong></span> <span class='ocrx_word' id='word_1_133' title='bbox 943 2535 1042 2598; x_wconf 89' lang='lat' dir='ltr'><strong>quum</strong></span> <span class='ocrx_word' id='word_1_134' title='bbox 1052 2512 1279 2597; x_wconf 90' lang='lat' dir='ltr'><strong>respondisset:</strong></span> <span class='ocrx_word' id='word_1_135' title='bbox 1298 2515 1371 2598; x_wconf 88' lang='lat' dir='ltr'><strong>Ego</strong></span> 
     </span>
     <span class='ocr_line' id='line_1_19' title="bbox 420 2613 1371 2700; baseline -0.001 -20"><span class='ocrx_word' id='word_1_136' title='bbox 420 2639 490 2680; x_wconf 88' lang='lat' dir='ltr'><strong>sum</strong></span> <span class='ocrx_word' id='word_1_137' title='bbox 506 2615 608 2680; x_wconf 88' lang='lat' dir='ltr'><strong>Attila</strong></span> <span class='ocrx_word' id='word_1_138' title='bbox 622 2614 785 2700; x_wconf 86' lang='lat' dir='ltr'><strong>flagellum</strong></span> <span class='ocrx_word' id='word_1_139' title='bbox 797 2614 872 2691; x_wconf 90' lang='lat' dir='ltr'><strong>Dei,</strong></span> <span class='ocrx_word' id='word_1_140' title='bbox 888 2627 1055 2680; x_wconf 87' lang='lat' dir='ltr'><strong>veneratus</strong></span> <span class='ocrx_word' id='word_1_141' title='bbox 1069 2613 1101 2676; x_wconf 90' lang='lat' dir='ltr'><strong>in</strong></span> <span class='ocrx_word' id='word_1_142' title='bbox 1117 2637 1155 2678; x_wconf 93' lang='lat' dir='ltr'><strong>eo</strong></span> <span class='ocrx_word' id='word_1_143' title='bbox 1170 2627 1206 2679; x_wconf 91' lang='lat' dir='ltr'><strong>ut</strong></span> <span class='ocrx_word' id='word_1_144' title='bbox 1223 2615 1371 2680; x_wconf 89' lang='lat' dir='ltr'><strong>scribitur</strong></span> 
     </span>
     <span class='ocr_line' id='line_1_20' title="bbox 419 2714 1370 2803; baseline 0.003 -23"><span class='ocrx_word' id='word_1_145' title='bbox 419 2717 558 2781; x_wconf 89' lang='lat' dir='ltr'><strong>divinam</strong></span> <span class='ocrx_word' id='word_1_146' title='bbox 576 2718 771 2802; x_wconf 86' lang='lat' dir='ltr'><strong>majestatem</strong></span> <span class='ocrx_word' id='word_1_147' title='bbox 786 2716 971 2802; x_wconf 89' lang='lat' dir='ltr'><strong>episcopus;</strong></span> <span class='ocrx_word' id='word_1_148' title='bbox 1002 2718 1099 2793; x_wconf 92' lang='lat' dir='ltr'><strong>Bene,</strong></span> <span class='ocrx_word' id='word_1_149' title='bbox 1115 2714 1234 2803; x_wconf 91' lang='lat' dir='ltr'><strong>inquit,</strong></span> <span class='ocrx_word' id='word_1_150' title='bbox 1251 2718 1370 2784; x_wconf 90' lang='lat' dir='ltr'><strong>venerit</strong></span> 
     </span>
     <span class='ocr_line' id='line_1_21' title="bbox 419 2816 1372 2904; baseline 0 -21"><span class='ocrx_word' id='word_1_151' title='bbox 419 2820 563 2884; x_wconf 89' lang='lat' dir='ltr'><strong>minister</strong></span> <span class='ocrx_word' id='word_1_152' title='bbox 579 2819 660 2882; x_wconf 93' lang='lat' dir='ltr'><strong>Dei:</strong></span> <span class='ocrx_word' id='word_1_153' title='bbox 685 2833 717 2882; x_wconf 91' lang='lat' dir='ltr'><strong>et</strong></span> <span class='ocrx_word' id='word_1_154' title='bbox 732 2818 830 2882; x_wconf 92' lang='lat' dir='ltr'><strong>illud:</strong></span> <span class='ocrx_word' id='word_1_155' title='bbox 869 2816 1063 2882; x_wconf 89' lang='lat' dir='ltr'><strong>Benedictus</strong></span> <span class='ocrx_word' id='word_1_156' title='bbox 1085 2818 1142 2904; x_wconf 92' lang='lat' dir='ltr'><strong>qui</strong></span> <span class='ocrx_word' id='word_1_157' title='bbox 1161 2818 1295 2883; x_wconf 90' lang='lat' dir='ltr'><strong>venitin</strong></span> <span class='ocrx_word' id='word_1_158' title='bbox 1316 2841 1372 2883; x_wconf 92' lang='lat' dir='ltr'><strong>no·</strong></span> 
     </span>
     <span class='ocr_line' id='line_1_22' title="bbox 421 2919 1372 3003; baseline 0 -19"><span class='ocrx_word' id='word_1_159' title='bbox 421 2921 504 2985; x_wconf 89' lang='lat' dir='ltr'><strong>mine</strong></span> <span class='ocrx_word' id='word_1_160' title='bbox 531 2919 661 2984; x_wconf 88' lang='lat' dir='ltr'><strong>Domini</strong></span> <span class='ocrx_word' id='word_1_161' title='bbox 686 2919 895 3003; x_wconf 86' lang='lat' dir='ltr'><strong>ingeminans,</strong></span> <span class='ocrx_word' id='word_1_162' title='bbox 918 2919 1061 2983; x_wconf 86' lang='lat' dir='ltr'><strong>reseratis</strong></span> <span class='ocrx_word' id='word_1_163' title='bbox 1086 2919 1224 2983; x_wconf 89' lang='lat' dir='ltr'><strong>ecclesiae</strong></span> <span class='ocrx_word' id='word_1_164' title='bbox 1250 2920 1372 2984; x_wconf 88' lang='lat' dir='ltr'><strong>foribus</strong></span> 
     </span>
     <span class='ocr_line' id='line_1_23' title="bbox 419 3021 1371 3108; baseline 0.001 -23"><span class='ocrx_word' id='word_1_165' title='bbox 419 3035 680 3106; x_wconf 89' lang='lat' dir='ltr'><strong>persequutorem</strong></span> <span class='ocrx_word' id='word_1_166' title='bbox 699 3021 838 3099; x_wconf 86' lang='lat' dir='ltr'><strong>admisit,</strong></span> <span class='ocrx_word' id='word_1_167' title='bbox 861 3044 919 3104; x_wconf 88' lang='lat' dir='ltr'><strong>per</strong></span> <span class='ocrx_word' id='word_1_168' title='bbox 941 3043 1037 3106; x_wconf 90' lang='lat' dir='ltr'><strong>quem</strong></span> <span class='ocrx_word' id='word_1_169' title='bbox 1059 3035 1091 3085; x_wconf 90' lang='lat' dir='ltr'><strong>et</strong></span> <span class='ocrx_word' id='word_1_170' title='bbox 1111 3036 1303 3108; x_wconf 91' lang='lat' dir='ltr'><strong>assequutus</strong></span> <span class='ocrx_word' id='word_1_171' title='bbox 1323 3035 1371 3086; x_wconf 89' lang='lat' dir='ltr'><strong>est</strong></span> 
     </span>
     <span class='ocr_line' id='line_1_24' title="bbox 419 3122 1371 3208; baseline -0.001 -20"><span class='ocrx_word' id='word_1_172' title='bbox 419 3123 562 3208; x_wconf 86' lang='lat' dir='ltr'><strong>martyrii</strong></span> <span class='ocrx_word' id='word_1_173' title='bbox 578 3126 725 3206; x_wconf 89' lang='lat' dir='ltr'><strong>palmam.</strong></span> <span class='ocrx_word' id='word_1_174' title='bbox 764 3122 943 3206; x_wconf 86' lang='lat' dir='ltr'><strong>Flagellum</strong></span> <span class='ocrx_word' id='word_1_175' title='bbox 959 3123 1041 3185; x_wconf 90' lang='lat' dir='ltr'><strong>enim</strong></span> <span class='ocrx_word' id='word_1_176' title='bbox 1058 3123 1187 3186; x_wconf 91' lang='lat' dir='ltr'><strong>Domini</strong></span> <span class='ocrx_word' id='word_1_177' title='bbox 1202 3123 1371 3188; x_wconf 88' lang='lat' dir='ltr'><strong>excludere</strong></span> 
     </span>
     <span class='ocr_line' id='line_1_25' title="bbox 420 3218 1427 3306; baseline 0.001 -20"><span class='ocrx_word' id='word_1_178' title='bbox 420 3245 483 3286; x_wconf 91' lang='lat' dir='ltr'><strong>non</strong></span> <span class='ocrx_word' id='word_1_179' title='bbox 498 3221 648 3299; x_wconf 91' lang='lat' dir='ltr'><strong>audebat,</strong></span> <span class='ocrx_word' id='word_1_180' title='bbox 664 3223 764 3284; x_wconf 87' lang='lat' dir='ltr'><strong>sciens</strong></span> <span class='ocrx_word' id='word_1_181' title='bbox 784 3222 862 3306; x_wconf 90' lang='lat' dir='ltr'><strong>quia</strong></span> <span class='ocrx_word' id='word_1_182' title='bbox 876 3222 1012 3286; x_wconf 87' lang='lat' dir='ltr'><strong>dilectus</strong></span> <span class='ocrx_word' id='word_1_183' title='bbox 1027 3218 1113 3286; x_wconf 89' lang='lat' dir='ltr'><strong>filius</strong></span> <span class='ocrx_word' id='word_1_184' title='bbox 1133 3222 1322 3306; x_wconf 88' lang='lat' dir='ltr'><strong>flagellatur,</strong></span> <span class='ocrx_word' id='word_1_185' title='bbox 1338 3235 1370 3287; x_wconf 90' lang='lat' dir='ltr'><strong>et</strong></span> <span class='ocrx_word' id='word_1_186' title='bbox 1421 3267 1427 3276; x_wconf 90' lang='lat'><strong>.</strong></span> 
     </span>
     <span class='ocr_line' id='line_1_26' title="bbox 420 3322 1372 3410; baseline -0.002 -22"><span class='ocrx_word' id='word_1_187' title='bbox 420 3346 477 3388; x_wconf 91' lang='lat' dir='ltr'><strong>nec</strong></span> <span class='ocrx_word' id='word_1_188' title='bbox 491 3323 592 3410; x_wconf 84' lang='lat' dir='ltr'><strong>ipsius</strong></span> <span class='ocrx_word' id='word_1_189' title='bbox 606 3322 723 3408; x_wconf 87' lang='lat' dir='ltr'><strong>flagelli</strong></span> <span class='ocrx_word' id='word_1_190' title='bbox 739 3346 805 3387; x_wconf 84' lang='lat' dir='ltr'><strong>esse</strong></span> <span class='ocrx_word' id='word_1_191' title='bbox 821 3323 881 3387; x_wconf 90' lang='lat' dir='ltr'><strong>nisi</strong></span> <span class='ocrx_word' id='word_1_192' title='bbox 896 3347 915 3386; x_wconf 84' lang='lat' dir='ltr'><strong>a</strong></span> <span class='ocrx_word' id='word_1_193' title='bbox 931 3323 1071 3387; x_wconf 92' lang='lat' dir='ltr'><strong>Domino</strong></span> <span class='ocrx_word' id='word_1_194' title='bbox 1087 3336 1288 3406; x_wconf 89' lang='lat' dir='ltr'><strong>potestatem.</strong></span> <span class='ocrx_word' id='word_1_195' title='bbox 1337 3323 1372 3387; x_wconf 88' lang='lat' dir='ltr'><strong>Si</strong></span> 
     </span>
     <span class='ocr_line' id='line_1_27' title="bbox 419 3424 1369 3512; baseline -0.001 -22"><span class='ocrx_word' id='word_1_196' title='bbox 419 3429 529 3512; x_wconf 90' lang='lat' dir='ltr'><strong>itaque</strong></span> <span class='ocrx_word' id='word_1_197' title='bbox 551 3426 631 3490; x_wconf 87' lang='lat' dir='ltr'><strong>adeo</strong></span> <span class='ocrx_word' id='word_1_198' title='bbox 652 3425 839 3490; x_wconf 85' lang='lat' dir='ltr'><strong>venerabilis</strong></span> <span class='ocrx_word' id='word_1_199' title='bbox 863 3439 910 3489; x_wconf 93' lang='lat' dir='ltr'><strong>est</strong></span> <span class='ocrx_word' id='word_1_200' title='bbox 933 3424 1025 3489; x_wconf 90' lang='lat' dir='ltr'><strong>bonis</strong></span> <span class='ocrx_word' id='word_1_201' title='bbox 1048 3437 1197 3509; x_wconf 90' lang='lat' dir='ltr'><strong>potestas,</strong></span> <span class='ocrx_word' id='word_1_202' title='bbox 1219 3425 1314 3490; x_wconf 87' lang='lat' dir='ltr'><strong>etiam</strong></span> <span class='ocrx_word' id='word_1_203' title='bbox 1337 3427 1369 3489; x_wconf 90' lang='lat' dir='ltr'><strong>in</strong></span> 
     </span>
     <span class='ocr_line' id='line_1_28' title="bbox 420 3526 1369 3611; baseline 0.001 -22"><span class='ocrx_word' id='word_1_204' title='bbox 420 3527 514 3611; x_wconf 86' lang='lat' dir='ltr'><strong>plaga</strong></span> <span class='ocrx_word' id='word_1_205' title='bbox 528 3527 710 3600; x_wconf 89' lang='lat' dir='ltr'><strong>electorum,</strong></span> <span class='ocrx_word' id='word_1_206' title='bbox 727 3526 800 3610; x_wconf 90' lang='lat' dir='ltr'><strong>quis</strong></span> <span class='ocrx_word' id='word_1_207' title='bbox 815 3547 884 3588; x_wconf 91' lang='lat' dir='ltr'><strong>eam</strong></span> <span class='ocrx_word' id='word_1_208' title='bbox 899 3547 962 3588; x_wconf 92' lang='lat' dir='ltr'><strong>non</strong></span> <span class='ocrx_word' id='word_1_209' title='bbox 978 3538 1158 3603; x_wconf 87' lang='lat' dir='ltr'><strong>veneretur,</strong></span> <span class='ocrx_word' id='word_1_210' title='bbox 1173 3547 1247 3610; x_wconf 84' lang='lat' dir='ltr'><strong>quae</strong></span> <span class='ocrx_word' id='word_1_211' title='bbox 1262 3548 1282 3589; x_wconf 87' lang='lat' dir='ltr'><strong>a</strong></span> <span class='ocrx_word' id='word_1_212' title='bbox 1303 3529 1369 3590; x_wconf 92' lang='lat' dir='ltr'><strong>Do-</strong></span> 
     </span>
     <span class='ocr_line' id='line_1_29' title="bbox 420 3623 1371 3700; baseline -0.001 -10"><span class='ocrx_word' id='word_1_213' title='bbox 420 3629 506 3690; x_wconf 91' lang='lat' dir='ltr'><strong>mino</strong></span> <span class='ocrx_word' id='word_1_214' title='bbox 524 3625 672 3688; x_wconf 89' lang='lat' dir='ltr'><strong>instituta</strong></span> <span class='ocrx_word' id='word_1_215' title='bbox 692 3637 752 3698; x_wconf 90' lang='lat' dir='ltr'><strong>est,</strong></span> <span class='ocrx_word' id='word_1_216' title='bbox 770 3624 812 3687; x_wconf 86' lang='lat' dir='ltr'><strong>ad</strong></span> <span class='ocrx_word' id='word_1_217' title='bbox 834 3623 1006 3688; x_wconf 89' lang='lat' dir='ltr'><strong>vindictam</strong></span> <span class='ocrx_word' id='word_1_218' title='bbox 1030 3623 1281 3700; x_wconf 81' lang='lat' dir='ltr'><strong>malefactorum,</strong></span> <span class='ocrx_word' id='word_1_219' title='bbox 1303 3624 1371 3689; x_wconf 89' lang='lat' dir='ltr'><strong>lau-</strong></span> 
     </span>
     <span class='ocr_line' id='line_1_30' title="bbox 420 3726 1370 3816; baseline 0.004 -25"><span class='ocrx_word' id='word_1_220' title='bbox 420 3728 492 3792; x_wconf 93' lang='lat' dir='ltr'><strong>dem</strong></span> <span class='ocrx_word' id='word_1_221' title='bbox 509 3749 584 3790; x_wconf 91' lang='lat' dir='ltr'><strong>vero</strong></span> <span class='ocrx_word' id='word_1_222' title='bbox 595 3726 762 3805; x_wconf 91' lang='lat' dir='ltr'><strong>bonorum,</strong></span> <span class='ocrx_word' id='word_1_223' title='bbox 773 3740 805 3789; x_wconf 90' lang='lat' dir='ltr'><strong>et</strong></span> <span class='ocrx_word' id='word_1_224' title='bbox 814 3727 942 3810; x_wconf 90' lang='lat' dir='ltr'><strong>legibus</strong></span> <span class='ocrx_word' id='word_1_225' title='bbox 952 3727 1122 3792; x_wconf 90' lang='lat' dir='ltr'><strong>devotione</strong></span> <span class='ocrx_word' id='word_1_226' title='bbox 1134 3731 1370 3816; x_wconf 89' lang='lat' dir='ltr'><strong>promptissima</strong></span> 
     </span>
     <span class='ocr_line' id='line_1_31' title="bbox 418 3821 1369 3915; baseline 0.002 -23"><span class='ocrx_word' id='word_1_227' title='bbox 418 3821 911 3913; x_wconf 82' lang='lat' dir='ltr'><strong>famulatur?&#39;¹Dignasiquidem</strong></span> <span class='ocrx_word' id='word_1_228' title='bbox 928 3853 989 3894; x_wconf 89' lang='lat' dir='ltr'><strong>vox</strong></span> <span class='ocrx_word' id='word_1_229' title='bbox 1003 3842 1060 3907; x_wconf 91' lang='lat' dir='ltr'><strong>est,</strong></span> <span class='ocrx_word' id='word_1_230' title='bbox 1072 3840 1109 3893; x_wconf 90' lang='lat' dir='ltr'><strong>ut</strong></span> <span class='ocrx_word' id='word_1_231' title='bbox 1119 3831 1164 3895; x_wconf 88' lang='lat' dir='ltr'><strong>ait</strong></span> <span class='ocrx_word' id='word_1_232' title='bbox 1179 3833 1369 3915; x_wconf 90' lang='lat' dir='ltr'><strong>Imperator,</strong></span> 
     </span>
     <span class='ocr_line' id='line_1_32' title="bbox 419 3930 1367 4017; baseline 0.002 -23"><span class='ocrx_word' id='word_1_233' title='bbox 419 3933 582 4017; x_wconf 86' lang='lat' dir='ltr'><strong>majestate</strong></span> <span class='ocrx_word' id='word_1_234' title='bbox 605 3930 778 4014; x_wconf 84' lang='lat' dir='ltr'><strong>regnantis,</strong></span> <span class='ocrx_word' id='word_1_235' title='bbox 797 3955 830 3994; x_wconf 92' lang='lat' dir='ltr'><strong>se</strong></span> <span class='ocrx_word' id='word_1_236' title='bbox 853 3931 979 4016; x_wconf 88' lang='lat' dir='ltr'><strong>legibus</strong></span> <span class='ocrx_word' id='word_1_237' title='bbox 1002 3931 1168 4016; x_wconf 87' lang='lat' dir='ltr'><strong>alligatum</strong></span> <span class='ocrx_word' id='word_1_238' title='bbox 1192 3933 1367 4017; x_wconf 88' lang='lat' dir='ltr'><strong>principem</strong></span> 
     </span>
    </p>
   </div>
   <div class='ocr_carea' id='block_1_3' title="bbox 118 4030 1370 4117">
    <p class='ocr_par' dir='ltr' id='par_1_3' title="bbox 118 4030 1370 4117">
     <span class='ocr_line' id='line_1_33' title="bbox 118 4030 1370 4117; baseline 0.002 -22"><span class='ocrx_word' id='word_1_239' title='bbox 118 4066 131 4086; x_wconf 72' lang='lat' dir='ltr'><strong>n</strong></span> <span class='ocrx_word' id='word_1_240' title='bbox 195 4084 201 4097; x_wconf 91' lang='lat'><em>.</em></span> <span class='ocrx_word' id='word_1_241' title='bbox 252 4087 257 4100; x_wconf 91' lang='lat'><em>.</em></span> <span class='ocrx_word' id='word_1_242' title='bbox 300 4095 306 4108; x_wconf 72' lang='grc'><strong>,</strong></span> <span class='ocrx_word' id='word_1_243' title='bbox 417 4032 568 4117; x_wconf 89' lang='lat' dir='ltr'><strong>profiteri.</strong></span> <span class='ocrx_word' id='word_1_244' title='bbox 614 4031 698 4104; x_wconf 85' lang='lat' dir='ltr'><strong>Quia</strong></span> <span class='ocrx_word' id='word_1_245' title='bbox 712 4030 752 4093; x_wconf 95' lang='lat' dir='ltr'><strong>de</strong></span> <span class='ocrx_word' id='word_1_246' title='bbox 770 4031 855 4116; x_wconf 90' lang='lat' dir='ltr'><strong>juris</strong></span> <span class='ocrx_word' id='word_1_247' title='bbox 870 4033 1068 4108; x_wconf 87' lang='lat' dir='ltr'><strong>auctoritate,</strong></span> <span class='ocrx_word' id='word_1_248' title='bbox 1086 4033 1237 4117; x_wconf 87' lang='lat' dir='ltr'><strong>principis</strong></span> <span class='ocrx_word' id='word_1_249' title='bbox 1252 4033 1370 4117; x_wconf 89' lang='lat' dir='ltr'><strong>pendet</strong></span> 
     </span>
    </p>
   </div>
   <div class='ocr_carea' id='block_1_4' title="bbox 418 4131 1372 4216">
    <p class='ocr_par' dir='ltr' id='par_1_4' title="bbox 418 4131 1372 4216">
     <span class='ocr_line' id='line_1_34' title="bbox 418 4131 1372 4216; baseline 0 -20"><span class='ocrx_word' id='word_1_250' title='bbox 418 4131 608 4203; x_wconf 86' lang='lat' dir='ltr'><strong>auctoritas;</strong></span> <span class='ocrx_word' id='word_1_251' title='bbox 636 4144 667 4194; x_wconf 90' lang='lat' dir='ltr'><strong>et</strong></span> <span class='ocrx_word' id='word_1_252' title='bbox 690 4153 799 4193; x_wconf 89' lang='lat' dir='ltr'><strong>revera</strong></span> <span class='ocrx_word' id='word_1_253' title='bbox 822 4132 924 4216; x_wconf 85' lang='lat' dir='ltr'><strong>majus</strong></span> <span class='ocrx_word' id='word_1_254' title='bbox 946 4133 1082 4216; x_wconf 89' lang='lat' dir='ltr'><strong>imperio</strong></span> <span class='ocrx_word' id='word_1_255' title='bbox 1104 4147 1162 4208; x_wconf 90' lang='lat' dir='ltr'><strong>est,</strong></span> <span class='ocrx_word' id='word_1_256' title='bbox 1187 4131 1372 4198; x_wconf 88' lang='lat' dir='ltr'><strong>submittere</strong></span> 
     </span>
    </p>
   </div>
   <div class='ocr_carea' id='block_1_5' title="bbox 419 4231 1370 4419">
    <p class='ocr_par' dir='ltr' id='par_1_5' title="bbox 419 4231 1370 4419">
     <span class='ocr_line' id='line_1_35' title="bbox 419 4231 1370 4320; baseline 0.004 -24"><span class='ocrx_word' id='word_1_257' title='bbox 419 4231 541 4316; x_wconf 87' lang='lat' dir='ltr'><strong>legibus</strong></span> <span class='ocrx_word' id='word_1_258' title='bbox 570 4231 875 4316; x_wconf 80' lang='lat' dir='ltr'><strong>principatum;&#39;&#39;¹ut</strong></span> <span class='ocrx_word' id='word_1_259' title='bbox 906 4234 984 4297; x_wconf 92' lang='lat' dir='ltr'><strong>nibil</strong></span> <span class='ocrx_word' id='word_1_260' title='bbox 1014 4234 1073 4298; x_wconf 90' lang='lat' dir='ltr'><strong>sibi</strong></span> <span class='ocrx_word' id='word_1_261' title='bbox 1105 4234 1253 4320; x_wconf 86' lang='lat' dir='ltr'><strong>princeps</strong></span> <span class='ocrx_word' id='word_1_262' title='bbox 1279 4235 1370 4300; x_wconf 87' lang='lat' dir='ltr'><strong>licere</strong></span> 
     </span>
     <span class='ocr_line' id='line_1_36' title="bbox 420 4332 1219 4419; baseline 0.004 -23"><span class='ocrx_word' id='word_1_263' title='bbox 420 4337 577 4419; x_wconf 88' lang='lat' dir='ltr'><strong>opinetur,</strong></span> <span class='ocrx_word' id='word_1_264' title='bbox 594 4332 681 4416; x_wconf 89' lang='lat' dir='ltr'><strong>quod</strong></span> <span class='ocrx_word' id='word_1_265' title='bbox 698 4333 864 4417; x_wconf 86' lang='lat' dir='ltr'><strong>ajustitiae</strong></span> <span class='ocrx_word' id='word_1_266' title='bbox 882 4334 1033 4419; x_wconf 78' lang='lat' dir='ltr'><strong>mquitate</strong></span> <span class='ocrx_word' id='word_1_267' title='bbox 1049 4334 1219 4400; x_wconf 87' lang='lat' dir='ltr'><strong>discordet.</strong></span> 
     </span>
    </p>
   </div>
   <div class='ocr_carea' id='block_1_6' title="bbox 0 0 1721 5367">
    <p class='ocr_par' dir='ltr' id='par_1_6' title="bbox 0 0 1721 5367">
     <span class='ocr_line' id='line_1_37' title="bbox 0 0 1721 5367; baseline 0 0"><span class='ocrx_word' id='word_1_268' title='bbox 0 0 1721 5367; x_wconf 95' lang='lat' dir='ltr'><strong> </strong></span> 
     </span>
    </p>
   </div>
  </div>
 </body>
</html>
