3425 5367
471 696 534 757 882
726 706 863 751 rosssrs
878 704 1156 751 saansannrsusrs
1301 685 1383 763 [ma.
1399 704 1430 747 v.

476 870 613 944 portant.
666 860 732 921 Aut
757 859 782 920 si
807 858 1056 921 emolumentum
1082 876 1150 919 esse
1184 878 1248 919 uon
1272 854 1362 928 licet,
1389 855 1432 917 sit

477 964 589 1025 saltem
615 960 834 1043 compensatio
860 967 1043 1040 sumptuum
1070 968 1102 1019 et
1130 956 1329 1019 damnorum.
1384 956 1431 1018 Hi

477 1072 584 1124 tamen
599 1060 660 1121 rari
676 1068 759 1121 suut.
804 1057 887 1129 Quis
902 1055 988 1119 enim
1011 1054 1170 1119 erubescit
1191 1054 1314 1117 dicere:
1341 1054 1429 1127 Quid

478 1162 558 1224 mihi
573 1159 665 1223 dabis
691 1170 727 1221 ut
751 1158 810 1220 tibi
829 1156 986 1239 justitiam
1013 1154 1148 1219 faciam?
1205 1157 1288 1217 Nam
1316 1169 1351 1217 ut
1373 1176 1433 1238 pro

479 1263 585 1344 seipsa
605 1261 805 1331 exhibeatur,
827 1258 943 1321 frustra
962 1269 1126 1341 expectas.
1182 1258 1301 1320 Nonne
1325 1257 1428 1319 simile

476 1376 535 1437 est,
552 1384 590 1425 ac
605 1362 633 1423 si
648 1360 781 1436 dicatur,
797 1360 877 1442 qnid
900 1358 993 1422 vultis
1009 1360 1086 1421 mihi
1108 1358 1182 1423 dare
1197 1370 1233 1421 ut
1247 1380 1298 1421 me
1322 1358 1430 1439 ipsum

477 1469 645 1546 abnegem,
661 1463 801 1525 officium
817 1460 961 1546 prodam,
976 1471 1008 1523 et
1023 1461 1186 1524 dominum
1202 1458 1363 1523 rendum?

478 1654 560 1735 Cap.
579 1655 627 1713 tr.
651 1650 832 1711 Pecuniam
847 1648 1112 1711 contemnendam
1131 1666 1194 1709 esse
1210 1665 1285 1727 prce
1302 1645 1430 1725 supien-

520 1754 587 1815 tia:
620 1748 705 1830 quod
724 1751 822 1811 eliam
836 1755 976 1810 vamum
996 1748 1256 1828 Philosophorum
1274 1746 1431 1827 probatur

518 1852 678 1933 evemplo.

518 1981 708 2043 Laeonrutt
724 1976 851 2059 plurimi
872 1976 1138 2059 Philosophorum
1156 1996 1220 2038 non
1235 1972 1331 2037 modo
1346 1971 1427 2037 diri·

476 2082 536 2143 tias
551 2078 789 2160 contempsisse,
804 2077 861 2139 sed
877 2076 1044 2159 abjecisse,
1056 2077 1148 2159 quasi
1163 2076 1426 2159 impedimentum

475 2181 640 2264 sapientiae
656 2190 688 2240 et
701 2178 834 2241 virtutis.
881 2178 972 2240 Fecit
986 2178 1048 2240 hoe
1071 2178 1230 2255 Socrates,
1249 2199 1343 2261 quem
1360 2199 1426 2239 om·

474 2281 564 2342 nium
580 2278 843 2361 philosophorum
861 2286 956 2339 sectae
972 2278 1064 2360 quasi
1088 2277 1276 2359 prudentiae,
1291 2288 1323 2339 et
1347 2276 1428 2338 veri·

473 2382 549 2444 tatis
563 2381 696 2442 unicum
712 2378 832 2440 fontem
849 2388 1048 2440 venerantur.
1076 2378 1281 2439 Antisthenes
1296 2396 1424 2460 quoquo

475 2502 573 2564 quum
595 2479 730 2559 gloriose
749 2478 939 2542 rhetoricam
960 2478 1130 2555 docuisset,
1146 2480 1351 2562 audissetque
1368 2479 1425 2542 So-

475 2595 607 2656 cratem,
634 2581 754 2644 dixisse
780 2581 879 2643 fertur
911 2580 952 2643 ad
978 2580 1155 2664 discipulos
1181 2603 1274 2643 suos:
1320 2582 1426 2656 Abite,

474 2685 659 2763 magistrum
677 2682 818 2765 quaerite,
835 2704 897 2763 ogo
912 2682 997 2744 enim
1009 2682 1078 2765 jam
1095 2684 1207 2765 reperi.
1246 2683 1425 2765 Statimque

474 2784 611 2847 venditis
635 2804 706 2866 quae
733 2780 883 2861 habebat,
911 2796 943 2846 et
971 2784 1103 2866 publice
1132 2784 1321 2862 distributis,
1346 2785 1427 2846 nihil

474 2887 535 2948 sibi
548 2886 621 2968 plus
633 2906 729 2968 quam
740 2885 905 2967 palliolum
923 2886 1103 2947 reservarit.
1135 2884 1245 2967 Hujus
1261 2885 1427 2966 Diogenes

472 2986 527 3047 ille
549 2983 781 3047 famosissimus
801 2994 939 3047 sectator
961 2985 1030 3061 suit,
1050 2986 1212 3066 potentior
1234 3006 1307 3065 rege
1329 2985 1426 3047 Alex-

474 3085 585 3157 andro,
601 3095 633 3147 et
646 3096 766 3146 naturae
781 3086 928 3147 humanae
952 3086 1059 3149 victor.
1104 3085 1209 3156 Quum
1236 3098 1343 3148 autem
1365 3088 1428 3147 An-

476 3184 629 3248 tisthenes
655 3182 885 3265 discipulorum
915 3185 1037 3247 nullum
1068 3184 1234 3267 reciperet,
1263 3197 1296 3247 et
1321 3206 1426 3268 perse·

475 3295 637 3349 vorantem
653 3284 835 3366 Diogenem
855 3306 1014 3349 removere
1036 3308 1102 3349 non
1122 3298 1243 3369 posset,
1256 3287 1427 3349 novissime

477 3389 508 3450 ei
519 3387 659 3450 minatus
670 3398 720 3449 est
731 3387 866 3460 claram,
878 3386 940 3449 nisi
951 3387 1062 3450 abiret.
1094 3388 1179 3450 Turn
1188 3388 1240 3449 ille
1253 3386 1427 3470 subjecisse

475 3498 573 3570 capnt
587 3488 684 3551 fertur
695 3498 790 3569 atque
802 3486 944 3551 dixisse:
972 3489 1090 3551 Nullus
1102 3498 1166 3551 tam
1185 3490 1282 3552 durus
1293 3490 1427 3552 baculus

475 3588 545 3659 erit,
562 3588 617 3667 qui
632 3607 683 3647 me
699 3606 718 3646 a
738 3596 793 3645 tuo
812 3586 915 3665 possit
935 3588 1095 3648 consortio
1116 3607 1273 3669 separare.
1319 3588 1429 3650 Refert

475 3687 616 3766 Satyrus,
653 3684 708 3765 qui
745 3682 882 3743 virorum
918 3684 1089 3747 illustrium
1125 3689 1235 3751 scribit
1268 3690 1428 3765 historias,

474 3784 562 3870 quod
576 3784 636 3848 iste
659 3784 822 3864 Diogenes
841 3784 974 3864 palliolo
996 3783 1118 3867 duplici
1140 3810 1217 3851 usus
1239 3792 1279 3854 sit
1298 3801 1428 3874 propter

474 3889 583 3969 lrigus,
598 3907 707 3968 peram
729 3905 788 3966 pro
813 3882 943 3949 cellario
967 3886 1125 3965 habuerit,
1153 3909 1327 3971 secumque
1354 3913 1427 3973 por·

473 3988 596 4065 taverit,
619 3998 652 4050 et
674 3985 761 4069 quod
788 3987 911 4049 claram
937 3986 1067 4069 gerebat
1092 3991 1133 4051 ob
1161 3992 1340 4072 corpusculi
1366 3994 1426 4055 sra-

470 4085 637 4168 gilitatem,
653 4087 795 4170 quajam
819 4110 920 4152 senex
946 4093 1088 4153 membra
1113 4100 1290 4153 sustentare
1315 4093 1428 4155 solitus

471 4197 548 4263 erat,
564 4199 595 4249 et
610 4188 802 4252 emorathios
817 4192 913 4273 vulgo
930 4191 971 4253 sit
987 4192 1175 4275 appellatus,
1190 4192 1223 4254 in
1237 4205 1424 4275 praesentem

469 4289 579 4352 horam
595 4309 732 4372 poscens
748 4312 767 4354 a
782 4292 927 4372 quolibet
943 4302 974 4355 et
999 4292 1163 4376 accipiens
1189 4294 1310 4357 cibum.
1356 4294 1425 4356 Ha·
