3425 5367
303 733 373 780 cnr.
388 717 490 797 xxia]
638 734 892 782 mercatrices.
1196 722 1257 783 119

304 894 342 948 ut
350 884 401 950 sit.
431 884 554 950 Deinde
565 885 682 972 tuipse
693 897 783 971 potes
794 885 970 972 providisse
982 885 1099 950 bonum
1112 884 1257 970 aliquod,

303 985 392 1070 quod
413 985 495 1050 forte
519 985 667 1050 futurum
690 998 737 1051 est
766 986 897 1064 bonum,
914 999 947 1051 et
971 998 1077 1072 potest
1098 1008 1161 1050 non
1186 985 1256 1050 fore

303 1077 442 1158 bouum
476 1098 509 1151 et
530 1086 614 1151 idem
637 1103 728 1173 potes
750 1110 811 1152 non
839 1087 1016 1173 providisse
1037 1087 1169 1162 bouum,
1192 1109 1256 1152 non

303 1187 378 1272 quia
392 1187 494 1274 possis
508 1211 572 1252 non
592 1189 781 1274 providisse,
796 1189 885 1274 quod
905 1188 1085 1275 providisti,
1101 1187 1157 1252 sed
1181 1192 1257 1274 quia

303 1299 407 1372 potest
422 1309 485 1350 non
499 1288 621 1352 bonum
642 1311 718 1364 esse,
735 1287 823 1373 quod
839 1288 1020 1374 providisti.
1067 1289 1150 1352 Item
1166 1302 1257 1375 potes

303 1387 383 1473 quid
406 1387 586 1472 promisisse
608 1388 658 1451 vel
679 1387 852 1474 stipulatus
872 1411 939 1454 esse
960 1389 1094 1468 utiliter,
1108 1389 1258 1476 idemque

303 1502 396 1574 potes
411 1510 473 1552 nou
489 1488 680 1572 promisisse,
695 1501 751 1553 aut
766 1511 829 1552 non
845 1490 1018 1576 stipulatus
1032 1514 1100 1556 esse
1114 1492 1256 1568 utiliter,

305 1591 395 1676 quod
405 1604 510 1656 tamen
519 1591 692 1677 promisisti
703 1591 751 1656 vel
762 1591 935 1675 stipulatus
945 1615 988 1667 es,
998 1615 1061 1656 non
1070 1593 1261 1679 promisisse,

306 1705 446 1756 autnon
467 1692 727 1779 stipulatusesse
749 1715 813 1756 non
835 1706 938 1778 potes.
983 1696 1154 1774 Praeterea,
1168 1708 1205 1760 tu
1227 1695 1260 1758 in

306 1791 444 1856 fundum
469 1793 743 1878 Sempronianum,
759 1792 849 1856 illum
874 1793 931 1879 qui
952 1806 985 1858 te
1009 1797 1166 1880 sequitur,
1181 1817 1262 1880 proe-

308 1893 450 1974 cessisti;
479 1905 512 1958 et
524 1895 550 1958 si
566 1894 662 1958 alium
675 1894 875 1980 praecessisti,
891 1904 923 1958 te
934 1895 1016 1960 alius
1031 1908 1088 1960 aut
1104 1908 1263 1982 sequutus

307 2005 438 2074 est,aut
460 1993 616 2080 sequitur,
632 2007 689 2059 aut
712 2007 878 2080 sequetur.
922 1999 1031 2071 Quum
1055 2019 1132 2082 ergo
1154 2019 1263 2062 conse·

308 2095 436 2180 quentis
456 2095 603 2160 evacuari
619 2095 718 2183 possit
733 2108 881 2174 eventus,
895 2097 1111 2162 antecedentis
1131 2121 1262 2185 quoque

310 2197 425 2262 veritas
439 2211 545 2284 potest
559 2198 722 2277 infirmari,
738 2211 775 2264 ut
790 2211 822 2264 et
838 2212 875 2264 tu
895 2199 952 2286 qui
967 2222 1183 2286 praecesseras,
1198 2223 1262 2266 uon

309 2301 501 2384 praecessisse
515 2301 625 2387 possis.
656 2302 728 2378 Quo
744 2314 849 2366 tamen
861 2301 1022 2385 ingressus
1037 2325 1082 2381 es,
1093 2326 1156 2367 non
1171 2316 1264 2389 potes

309 2423 371 2466 non
386 2402 484 2468 luisse
499 2403 669 2486 ingressus,
680 2425 784 2488 neque
799 2403 889 2489 quod
900 2403 1021 2468 lectum
1032 2417 1080 2469 est
1092 2427 1264 2470 connume-

309 2504 371 2568 rari
393 2518 500 2590 potest
522 2505 659 2580 inseetis,
674 2526 778 2589 neque
800 2505 887 2589 quod
910 2504 1078 2590 proeteriit,
1092 2529 1133 2570 ne
1153 2507 1264 2581 fuerit,

215 2625 226 2640 ·
309 2607 429 2691 poterit
455 2607 605 2670 revocari.
651 2606 692 2668 In
716 2604 765 2670 his
788 2608 872 2670 enim
894 2607 1043 2670 omnibus
1064 2630 1138 2692 quae
1160 2619 1266 2672 mente

309 2719 474 2793 concepta,
489 2707 540 2772 vel
551 2706 658 2772 verbis
672 2727 832 2791 expressa,
846 2706 898 2770 vel
907 2718 981 2771 actu
997 2708 1154 2793 completa
1168 2721 1267 2774 trans·

309 2808 428 2887 ierunt,
444 2830 505 2872 nou
526 2819 672 2892 possunt,
686 2829 743 2870 nec
763 2816 916 2892 poterunt
937 2806 1052 2870 exinde
1073 2830 1136 2872 nou
1158 2810 1268 2890 luisse,

309 2907 370 2972 etsi
385 2906 495 2993 qualia
508 2907 620 2994 lutura
635 2923 736 2980 erant,
749 2905 826 2970 dum
841 2905 952 2970 eadem
967 2905 1018 2972 sui
1032 2920 1148 2974 natura
1161 2923 1268 2976 certus

310 3032 374 3076 uon
397 3009 468 3074 lixit
493 3021 635 3085 eventus,
652 3007 778 3072 valeant
802 3029 866 3072 uon
890 3008 999 3076 fuisse.
1038 3010 1170 3077 Talium
1192 3036 1268 3078 vero

310 3101 504 3176 clauduntur
525 3109 648 3174 ambitu
670 3112 789 3190 omnia,
804 3132 878 3197 quae
899 3111 1122 3199 cujuscunque
1142 3116 1268 3200 generis

311 3212 504 3278 imminentis
524 3211 735 3297 appellatione
757 3211 964 3293 clauduntur,
985 3213 1059 3279 licet
1080 3215 1267 3284 familiarius

312 3315 352 3380 ad
367 3315 592 3402 quantitatem,
608 3327 664 3380 aut
680 3313 721 3378 ad
737 3314 872 3402 aliquid,
881 3327 939 3380 aut
954 3317 997 3380 ad
1011 3317 1178 3403 quodlibet
1192 3320 1269 3384 alio-

313 3439 384 3482 rum
399 3417 589 3484 naturaliter
603 3416 815 3504 applicentur.
846 3415 933 3493 Quid
945 3439 1022 3502 ergo
1037 3419 1163 3497 mirum,
1175 3421 1202 3485 si
1216 3420 1271 3485 ille

314 3521 370 3608 qui
392 3522 498 3586 omnia
521 3533 639 3608 potest,
661 3532 694 3584 et
716 3541 792 3606 quae
814 3517 978 3604 praevidit,
1000 3541 1063 3583 non
1085 3520 1269 3605 praevidisse

311 3633 436 3706 potest3
458 3643 559 3708 quum
575 3632 698 3686 constet
710 3619 784 3684 tidei
796 3618 885 3704 quod
901 3641 940 3682 ea
954 3643 1026 3706 quae
1041 3625 1180 3706 proevisa
1190 3637 1267 3688 sunt

311 3743 374 3786 non
389 3723 516 3786 evenire
536 3734 683 3808 possunt,
701 3733 734 3786 et
757 3742 831 3806 quae
852 3742 916 3784 non
938 3722 1074 3807 praevisa
1095 3737 1181 3804 sunt,
1195 3748 1269 3810 pos·

313 3839 387 3890 sunt
401 3825 539 3904 evenire,
550 3847 607 3888 nec
622 3838 727 3912 tamen
742 3823 826 3907 citra¹
838 3834 1043 3907 conspectum
1058 3825 1269 3909 providentiae

315 3927 441 3992 valeant
471 3927 606 3990 evenire.
664 3928 723 3990 Ait
753 3925 838 3988 enim
866 3925 1000 3990 Esaias:
1041 3925 1074 3988 Si
1106 3925 1270 3993 volueritis

314 4029 478 4094 ambulare
499 4029 533 4092 in
556 4026 725 4114 preceptis
749 4027 840 4103 meis,
859 4039 892 4091 et
915 4024 1080 4092 audieritis
1104 4051 1167 4108 me,
1186 4029 1271 4094 bona

314 4143 409 4196 terrm
430 4130 613 4197 comedetis.
657 4127 754 4205 Quod
775 4127 802 4194 si
823 4127 1002 4204 uolueritis,
1022 4141 1054 4194 et
1073 4151 1124 4194 me
1145 4129 1187 4194 ad
1209 4131 1270 4196 ira·

315 4231 465 4296 cundiam
493 4231 739 4308 concitaveritis,
758 4229 887 4316 gladius
912 4228 1082 4295 devorabit
1103 4254 1171 4309 vos,
1193 4232 1272 4318 quia
1347 4267 1351 4274 ·

320 4353 356 4396 os
372 4333 499 4398 Domini
516 4332 656 4398 locutum
680 4343 738 4398 est.
785 4334 870 4396 Ecce
885 4331 962 4415 quia
981 4330 1118 4396 liberum
1140 4331 1193 4396 hic
1208 4355 1271 4396 ser-
