3425 5367
296 755 366 800 car.
384 737 423 816 1.]
642 751 897 799 ronucnsrrcus.
1186 739 1247 800 261

583 1007 724 1070 LIBER
746 1006 964 1078 QUINTUS.

684 1206 865 1252 Pitumnus.

344 1333 423 1395 Nou
438 1333 538 1397 solent
553 1331 594 1395 ad
612 1353 751 1418 unguem
774 1329 909 1414 grandia
925 1331 991 1395 sine
1007 1354 1094 1396 mora
1108 1335 1249 1412 lustrari,

298 1457 356 1497 nec
379 1433 471 1497 facile
495 1447 543 1499 est
569 1433 805 1520 provinciarum
831 1432 1062 1516 longitudinem
1086 1448 1118 1499 et
1140 1435 1252 1501 latitu-

299 1535 405 1600 dinem
434 1537 468 1599 in
497 1549 659 1600 momento
688 1547 914 1600 transcurrere.
976 1535 1028 1599 Sic
1057 1557 1107 1600 res
1136 1559 1251 1622 magna

298 1640 457 1703 succincte
472 1635 603 1724 quidem
618 1659 636 1701 a
652 1636 793 1723 sapiente
808 1635 971 1701 interdum
988 1637 1187 1724 proponitur,
1196 1639 1251 1703 sed

298 1763 463 1827 nunquam
485 1739 625 1826 perfecte
647 1739 707 1804 sub
728 1738 878 1823 angustia
901 1739 1054 1804 sermonis
1077 1739 1175 1804 nimis
1196 1763 1251 1806 ex·

299 1842 459 1930 planatur.
503 1841 592 1918 Quid
616 1854 722 1906 autem
746 1843 778 1906 in
802 1841 949 1906 humanis
967 1841 1062 1906 rebus
1082 1843 1185 1929 majus
1205 1857 1252 1909 est

298 1943 491 2032 principatu,
516 1945 609 2032 cujus
635 1943 772 2009 officium
799 1943 1035 2029 quodammodo
1061 1945 1167 2010 omnia
1191 1945 1252 2010 cir-

298 2043 409 2125 cumit,
430 2044 553 2131 implet,
574 2057 606 2109 et
632 2036 791 2131 penetrat,
814 2058 846 2107 et
869 2047 962 2129 quasi
989 2044 1102 2110 robore
1124 2045 1252 2112 virtutis

296 2171 375 2225 sure,
390 2146 490 2212 totius
509 2146 710 2234 Reipublicae
733 2147 848 2212 molem
871 2149 1005 2232 portat?
1043 2147 1126 2234 Ejus
1141 2148 1251 2235 itaque

295 2247 520 2336 contemplatio
546 2261 683 2314 tractum
710 2247 818 2330 habet,
839 2261 872 2313 et
897 2271 1017 2312 morsm
1043 2249 1156 2334 exigit,
1181 2263 1251 2316 tum

296 2375 363 2438 prae
386 2351 607 2437 magnitudine
629 2353 690 2430 sui,
712 2363 781 2414 tum
805 2373 873 2436 pras
896 2363 1074 2430 venustate,
1096 2374 1194 2438 quarn
1216 2352 1248 2417 in

296 2455 399 2540 capite
409 2451 610 2538 Reipublicae
616 2451 800 2536 jucundum
812 2465 859 2516 est
871 2451 1021 2516 omnibus
1031 2452 1251 2540 contemplari.

298 2554 451 2619 Modests
471 2576 548 2638 ergo
567 2552 738 2631 brevitate,
758 2553 791 2616 in
812 2551 1007 2638 inspiciendo
1029 2575 1161 2640 corpore
1182 2553 1252 2640 ejus

296 2657 515 2732 immoremur,
537 2667 570 2720 et
596 2653 676 2740 quid
703 2677 799 2742 super
824 2653 885 2718 hoc
910 2654 1104 2720 Plutarchus
1128 2671 1252 2722 censeat

295 2755 455 2820 audiatur.
510 2753 606 2831 Nam,
639 2751 780 2818 deducta
814 2753 1041 2840 superstitione
1070 2755 1252 2841 gentilium,

297 2857 400 2922 fidelis
424 2871 473 2922 est
497 2857 532 2921 in
558 2855 732 2935 sententiis,
756 2855 789 2920 in
815 2855 922 2920 verbis
944 2856 1138 2935 luculentus,
1160 2871 1193 2924 et
1218 2859 1250 2923 in

297 2959 433 3025 sacrario
447 2981 572 3023 morum
589 2970 698 3022 tantus
717 2958 848 3039 arbiter,
863 2971 900 3024 ut
915 2957 1007 3023 facile
1022 2973 1251 3046 praeceptorem

297 3061 430 3148 Trajaui
453 3059 555 3146 possis
574 3081 754 3145 agnoscere.
801 3059 931 3147 Siquid
953 3073 1060 3126 sutem
1076 3061 1161 3148 apud
1177 3083 1250 3126 eum

297 3187 318 3229 a
337 3163 402 3228 fide
423 3161 580 3239 dissentit,
603 3179 661 3228 aut
682 3163 838 3244 moribus,
859 3163 995 3250 tempori
1017 3163 1136 3248 potius,
1150 3187 1248 3251 quam

294 3265 365 3330 viro
378 3262 587 3328 adscribatur.
633 3261 667 3326 Si
682 3261 768 3328 enim
778 3262 915 3348 Virgilio
931 3262 1021 3328 licuit
1035 3285 1150 3328 aurum
1166 3265 1248 3350 sapi·

294 3370 390 3434 entiae
408 3366 441 3430 in
457 3364 528 3428 luto
542 3363 641 3428 Ennii
656 3386 812 3450 quaerere,
824 3387 899 3450 quoe
914 3363 1034 3429 invidia
1048 3377 1095 3430 est
1110 3387 1158 3442 ea,
1174 3388 1248 3452 quoe

292 3467 335 3532 ad
356 3465 571 3532 eruditionem
602 3479 742 3529 nostram
768 3489 788 3530 a
811 3461 986 3548 gentilibus
1015 3465 1133 3552 scripta
1162 3479 1247 3542 sunt,

292 3568 407 3634 nostris
428 3565 686 3632 communicare?
724 3568 788 3631 His
813 3587 891 3651 ergo
912 3563 1034 3630 omissis
1060 3565 1101 3630 ad
1126 3565 1248 3654 reliqua

294 3667 511 3758 procedamus.

313 3966 393 4050 cap.
413 3969 440 4028 l.
463 3963 613 4046 Epistola
628 3961 802 4026 Plutarchi
815 3961 1010 4026 instruentis
1030 3961 1225 4042 majanum.

337 4126 461 4190 Earn
481 4121 629 4210 Epistola
652 4119 829 4198 Plutarchi,
845 4121 1018 4208 Trajanum
1038 4122 1245 4204 instituentis,

293 4251 366 4315 quae
388 4225 556 4312 cujusdam
577 4224 721 4290 Politicae
743 4221 980 4288 constitutionis
1002 4225 1152 4311 exprimit
1175 4250 1243 4294 sen·

293 4353 374 4396 sum.
419 4331 469 4394 Ea
483 4327 602 4392 dicitur
624 4349 690 4392 esse
705 4324 1137 4412 hujusmodi—Plutarchus
1161 4331 1241 4396 'l‘rs-
