3425 5367
322 703 393 748 cae.
408 683 502 763 xus]
678 701 935 748 ronvcatrrcus.
1215 696 1278 754 207

323 852 473 933 scribens,
489 851 593 918 verbis
616 852 815 918 manifestius
834 853 1038 940 expressisset
1059 854 1177 929 dicens,
1201 857 1278 942 quia

322 952 449 1019 feminae
461 977 571 1018 eorum
585 953 836 1020 immutaverunt
852 955 1028 1021 naturalem
1046 979 1151 1036 usum,
1161 957 1193 1021 in
1204 982 1277 1024 eum

324 1057 382 1143 qui
404 1070 453 1123 est
473 1074 582 1122 eontra
603 1071 761 1134 naturam,
786 1071 817 1122 et
839 1057 986 1139 masculi,
1007 1058 1118 1124 relicto
1140 1062 1279 1126 naturali

324 1182 383 1223 usu
399 1159 537 1238 feminae,
551 1172 739 1224 exarserunt
762 1161 795 1224 in
815 1159 980 1224 desideriis
1001 1161 1066 1225 suis
1081 1162 1114 1224 in
1131 1161 1280 1241 invicem,

323 1261 453 1325 masculi
475 1262 508 1325 in
531 1262 687 1326 masculos
709 1262 945 1347 turpitudinem
968 1277 1148 1350 operantes,
1166 1277 1202 1329 ut
1224 1265 1279 1330 da-

324 1376 436 1427 rentur
449 1364 483 1427 in
498 1385 626 1428 sensum
638 1364 1037 1452 reprobum,facerentque
1049 1367 1136 1453 quod
1153 1367 1281 1432 minime

326 1464 539 1542 convenirent,
554 1477 587 1529 et
602 1466 689 1530 vitiis
703 1466 858 1530 universis
873 1467 1014 1548 obnoxii,
1030 1468 1280 1554 indignationem

327 1566 401 1644 Dei,
416 1579 447 1631 et
462 1567 605 1631 omnium
627 1589 791 1652 poenarum
812 1570 845 1631 in
867 1591 900 1631 se
921 1569 1047 1632 aculeos
1062 1583 1281 1654 provocarent.

329 1665 376 1730 Et
400 1679 478 1730 tunc
503 1666 634 1751 quidem
659 1665 691 1730 in
716 1667 848 1733 auribus
874 1669 1092 1734 Romanorum
1118 1669 1178 1734 hoc
1204 1672 1283 1736 tuba

329 1768 516 1854 Apostolica
541 1768 769 1847 conclamabat,
793 1769 921 1857 quando
943 1770 1149 1858 impiissimus
1173 1774 1279 1861 Impe-

329 1885 416 1936 rator
426 1870 668 1950 Nero,luxuriae
677 1872 847 1951 savientia,
856 1896 991 1960 puerum
1005 1877 1155 1960 Sporum,
1165 1877 1284 1942 exectis

329 1973 483 2038 testiculis
497 1973 528 2036 in
546 1973 731 2038 muliebrem
747 1989 894 2040 naturam
911 1977 1135 2040 transformare
1149 1991 1282 2042 conatus

327 2088 384 2140 est.
430 2076 485 2139 Ab
507 2097 547 2138 eo
570 2089 713 2162 tempore
735 2078 940 2164 proverbium
966 2093 1075 2143 natum
1101 2092 1168 2144 est:
1201 2080 1285 2158 Quia

328 2199 407 2242 usus
421 2177 630 2242 formosorum
651 2179 763 2244 abusio
783 2191 842 2257 est,
860 2193 891 2243 et
913 2179 1013 2244 illud:
1040 2181 1166 2245 Formae
1180 2181 1285 2266 gratia

329 2303 367 2345 eo
380 2284 489 2345 minus
503 2293 596 2366 grata
611 2283 747 2368 sapienti
762 2295 821 2364 est,
835 2305 901 2367 quo
921 2286 1084 2368 corruptio
1099 2297 1147 2349 est
1162 2285 1284 2370 gratior

329 2382 519 2467 corruptori.
550 2383 721 2447 Difficilius
732 2384 848 2449 etenim
865 2384 905 2447 ab
917 2383 1049 2448 infirmis
1062 2385 1283 2451 defensoribus

328 2482 520 2563 custoditur,
552 2485 641 2570 qnod
676 2484 786 2570 plures
814 2497 982 2570 appetunt.
1039 2484 1126 2550 lllud
1157 2485 1286 2551 incauto

328 2582 455 2648 facilius
484 2585 613 2671 surripit
641 2584 876 2662 fraudulentus,
904 2599 960 2650 aut
987 2586 1089 2652 invito
1118 2587 1284 2673 pudicitiae

330 2683 442 2768 praedo
458 2683 617 2750 violentus
642 2698 824 2770 extorquet.
874 2690 903 2750 A
925 2687 1072 2773 patribus
1093 2700 1197 2751 tamen
1218 2689 1286 2773 pri·

330 2785 403 2850 dem
419 2786 590 2852 diffinitum
611 2801 671 2864 est,
686 2787 764 2874 quia
784 2787 940 2873 pudicitia
955 2787 1073 2852 auferri
1090 2811 1151 2852 non
1168 2801 1285 2874 potest,

331 2887 391 2952 nisi
420 2889 534 2953 mentis
561 2889 725 2973 corruptio
759 2887 935 2955 antecedat.
997 2889 1091 2967 Quod
1122 2891 1218 2969 enim,
1249 2904 1286 2957 ut

330 3009 467 3072 magnus
489 2988 600 3054 asserit
622 2988 831 3075 Augustinus,
845 3011 908 3052 non
933 2989 1132 3076 praecedente
1154 2990 1286 3058 libidine

332 3087 486 3153 violenter
508 3090 631 3174 patitur
652 3113 780 3176 corpus,
796 3090 924 3156 vexatio
946 3090 1054 3178 potius
1076 3091 1212 3158 dicenda
1226 3105 1285 3172 est,

332 3213 427 3277 quam
451 3191 623 3277 corruptio.
670 3192 723 3256 lbi
745 3215 823 3277 ergo
849 3193 967 3256 servari
990 3192 1148 3278 pudicitia
1169 3207 1288 3281 potest,

332 3292 389 3356 ubi
414 3292 514 3365 nulla,
541 3292 602 3356 nisi
625 3292 808 3357 voluntaria
832 3317 899 3358 esse
925 3305 1032 3380 potest
1056 3296 1232 3382 corruptio,
1254 3297 1288 3360 in

334 3394 450 3460 mentis
460 3393 576 3460 scilicet
589 3393 784 3479 integritate,
794 3394 849 3460 nbi
861 3395 893 3458 in
903 3407 1058 3459 oetemum
1068 3395 1185 3460 servari
1197 3398 1291 3482 pudi-

334 3496 409 3562 citia
423 3509 538 3582 potest.
585 3496 653 3560 Nec
665 3518 815 3582 magnum
831 3507 879 3561 est
894 3495 1050 3582 integram
1066 3518 1136 3562 esse
1151 3520 1290 3578 carnem,

334 3597 393 3662 ubi
415 3619 504 3662 mens
532 3610 616 3663 tetra
641 3598 847 3684 corruptione
871 3597 1037 3685 polluitur.
1081 3602 1124 3664 At
1149 3621 1235 3664 nunc
1262 3602 1288 3666 si

334 3696 484 3784 deceptor
503 3721 622 3775 amans,
637 3713 692 3766 aut
708 3699 866 3765 violentus
886 3701 986 3780 abest,
1007 3699 1053 3764 ita
1074 3700 1155 3765 male
1170 3724 1189 3766 a
1204 3714 1290 3767 tene·

335 3797 411 3864 riori
426 3811 521 3864 oetate
535 3798 749 3865 instituuntur
763 3799 987 3874 adolescentes,
1001 3813 1038 3864 ut
1054 3800 1155 3866 oculis
1169 3801 1292 3866 lascivi-

333 3899 473 3980 entibus,
487 3911 569 3963 nutu
592 3900 697 3976 faciei,
719 3900 862 3987 corporis
884 3913 976 3986 gestu
1000 3901 1179 3986 habituque
1202 3917 1289 3968 exte-

336 3999 422 4081 riori,
447 4015 480 4066 et
505 4001 670 4080 lenocinio,
694 4001 748 4065 vix
777 4001 856 4087 ipsis
883 4002 1102 4068 meretricibus
1131 4025 1288 4078 concesso,

339 4101 508 4168 sollicitent
536 4115 749 4188 corruptores,
779 4117 812 4168 et
841 4102 948 4190 legum
980 4128 1052 4192 quae
1081 4105 1114 4169 in
1145 4129 1198 4172 eos
1222 4109 1290 4194 jam

339 4199 487 4287 plurimae
509 4203 583 4268 latae
605 4215 691 4282 sunt,
710 4201 830 4268 nullam
855 4202 993 4268 habeant
1013 4206 1221 4272 reverentiam
1241 4207 1292 4272 vel

340 4300 498 4384 timorem,
522 4303 595 4367 licet
620 4303 654 4367 in
684 4325 736 4368 eos
761 4303 947 4388 gravissime
976 4304 1292 4372 animadvertendum
