3425 5367
302 715 372 760 otu.
387 697 447 776 v1.]
674 713 932 760 consonamque·
1196 704 1257 764 175

302 863 489 930 sollicitator
502 861 653 936 incestus,
670 873 707 926 ut
721 885 821 948 quum
836 863 976 928 amicum
992 862 1156 929 blanditiis
1176 887 1258 950 prae·

303 963 490 1051 corruperit,
506 985 595 1028 more
610 963 843 1028 meretricantis
858 963 1018 1030 fortunam
1035 965 1194 1052 surripiat,
1204 990 1260 1032 ex-

303 1078 415 1132 tenuet
426 1066 605 1144 facultates,
617 1066 722 1131 aliena
736 1065 770 1130 in
786 1089 819 1131 se
834 1078 988 1151 congerat
998 1068 1109 1154 spolia,
1121 1080 1156 1134 et
1164 1092 1259 1134 suum

301 1169 410 1234 omnia
429 1179 595 1233 convertat
615 1169 655 1234 ad
676 1168 811 1234 lucrum.
855 1169 1002 1235 Efficitur
1023 1193 1100 1257 ergo
1119 1171 1260 1237 utnulla

302 1271 343 1336 sit
357 1271 387 1335 ai
403 1271 539 1335 molesta
558 1269 680 1335 servilis
700 1270 940 1347 obsecundatio,
960 1272 1086 1338 nullum
1107 1273 1259 1338 indecens

302 1374 449 1439 videatur
468 1373 669 1460 obsequium,
686 1373 830 1436 omnium
850 1373 1025 1438 officiorum
1045 1398 1196 1461 personas
1210 1377 1260 1440 in·

302 1477 383 1558 duit,
405 1477 484 1542 dum
509 1476 643 1562 praemia
668 1475 813 1540 omnium
840 1476 1059 1542 fraudulenter
1085 1478 1257 1564 praeripiat.

304 1579 370 1656 Qui
385 1592 460 1646 sunt
474 1580 561 1645 enim
577 1580 632 1667 qui
650 1579 789 1669 vestibus
804 1579 919 1656 nitent,
934 1579 990 1666 qui
1005 1580 1156 1664 fastigiati
1172 1581 1258 1646 ince-

302 1684 395 1761 dunt,
410 1683 466 1771 qui
481 1681 729 1770 sequipedarum
749 1681 908 1768 stipantur
922 1683 1086 1760 comitatu,
1103 1683 1260 1747 commili-

302 1799 414 1850 tonum
438 1795 473 1849 et
497 1783 776 1849 contubernalium
800 1782 992 1848 dealbantur
1017 1784 1181 1871 obsequio,
1204 1786 1260 1872 qui

303 1888 414 1974 primis
439 1887 682 1954 salutationibus
706 1885 738 1950 in
762 1886 830 1951 foro
854 1886 1041 1970 gloriantur,
1062 1887 1119 1973 qui
1140 1887 1260 1972 primos

304 1989 467 2056 recubitus
485 1990 606 2056 habant
626 1990 658 2053 in
679 1989 788 2066 coenis,
812 2011 948 2076 quorum
967 2011 1059 2054 aures
1078 1989 1262 2054 mulcentur

304 2092 448 2158 fomento
477 2092 724 2179 praenominum,
755 2104 789 2156 et
817 2093 934 2179 quibus
963 2092 1119 2158 nobilium
1149 2092 1262 2158 molles

306 2203 487 2260 reserantur
501 2195 669 2261 auriculae:
690 2215 769 2281 quos
783 2193 921 2259 fortunae
934 2195 1037 2278 gratia
1051 2195 1175 2260 alarum
1191 2217 1263 2261 sua·

305 2321 375 2364 rum
399 2298 534 2383 remigio
556 2298 598 2363 ad
623 2296 774 2363 sublimia
798 2297 947 2363 subvehit
968 2309 1003 2363 et
1030 2298 1165 2379 extollit,
1188 2309 1223 2364 et
1243 2321 1263 2364 a

304 2401 421 2488 quibus
436 2400 592 2488 quaelibet
606 2421 724 2483 magna
742 2399 868 2475 domus,
884 2399 1097 2484 dispositionis
1116 2423 1184 2465 suae
1198 2401 1262 2466 for·

304 2503 427 2568 mulam
442 2502 550 2579 trahit,
566 2515 600 2568 et
613 2501 759 2567 habitum
781 2501 972 2566 mutuatur?
1008 2501 1136 2588 Nempe
1151 2503 1262 2569 adula-

305 2617 400 2684 tores,
417 2605 472 2692 qui
488 2603 629 2670 alienum
645 2604 757 2669 vivunt
771 2604 812 2668 ad
828 2606 956 2681 nutum,
970 2604 1048 2668 dum
1064 2627 1119 2670 eos
1132 2604 1263 2670 fraudu·

305 2706 409 2772 lenter
429 2718 616 2794 emungant.
661 2705 789 2773 Veritas
807 2727 919 2792 aspera
941 2715 999 2787 est,
1020 2716 1055 2770 et
1072 2705 1262 2793 plemmque

304 2810 483 2875 molestiam
508 2811 603 2896 parit,
627 2809 706 2875 dum
731 2808 873 2895 aliquem
904 2806 1034 2894 palpare
1060 2805 1262 2892 dedignatur.

306 2912 429 2977 Verum
445 2913 626 2978 amaritudo
641 2913 712 2999 ejus
729 2911 839 2977 utilior
853 2920 912 2989 est,
924 2923 958 2976 et
972 2910 1104 2995 integris
1119 2909 1263 2978 sensibus

304 3015 435 3100 gratior,
458 3037 555 3101 quarn
578 3015 811 3081 meretricantis
833 3013 954 3100 linguae
979 3013 1138 3080 distillans
1163 3013 1263 3081 favus.

308 3114 448 3181 Meliora
471 3113 629 3201 siquidem
652 3125 726 3180 aunt
751 3115 887 3200 (Sancto
911 3113 1082 3180 Salomone
1107 3118 1260 3200 testante)

305 3217 400 3284 amici
420 3217 566 3294 verbera,
587 3239 683 3304 quam
703 3217 908 3284 fraudulenta
929 3218 1037 3284 oscula
1057 3216 1261 3285 blandientis.

306 3319 461 3396 Quidni?
505 3319 603 3384 Fides
631 3318 718 3384 euim
747 3320 892 3406 perfidiae
920 3342 1049 3406 semper
1077 3321 1263 3387 antefertur.

307 3424 381 3490 Non
396 3434 509 3490 manet
524 3423 605 3488 fides
623 3419 801 3501 incolumis,
817 3423 873 3489 ubi
893 3422 981 3488 aliud
996 3421 1110 3508 agitur,
1127 3434 1161 3486 et
1175 3422 1264 3488 aliud

306 3525 486 3606 simulatur,
515 3521 694 3610 praesertim
724 3523 832 3589 animo
861 3535 895 3590 et
922 3523 1086 3590 voluntate
1116 3525 1263 3592 nocendi.

306 3627 435 3692 Dicitur
448 3626 536 3692 anim
558 3627 649 3706 fides,
665 3625 691 3691 si
709 3627 874 3716 sequimur
897 3627 1030 3710 Stoicos,
1045 3649 1084 3692 eo
1105 3626 1192 3714 quod
1206 3627 1264 3694 fiat

305 3729 391 3818 quod
417 3729 631 3796 dictumest:
670 3729 742 3794 Lus
768 3752 851 3808 mea,
877 3729 961 3795 salus
989 3752 1076 3807 mea,
1101 3729 1262 3813 refugium

304 3853 426 3912 meum,
438 3853 493 3896 cor
507 3853 627 3914 meum,
640 3842 674 3896 et
688 3830 754 3895 vita
768 3853 851 3912 mea,
863 3830 929 3894 dux
944 3830 1073 3906 invicte,
1086 3828 1262 3894 viventium

304 3933 547 4022 sapientissime,
577 3933 721 3998 omnium
751 3931 929 4018 largissime
959 3943 992 3996 et
1021 3929 1264 4016 benignissime,

305 4036 432 4102 vivendi
445 4037 556 4114 forma,
570 4035 694 4102 virtutis
709 4035 887 4121 speculum,
901 4046 935 4100 et
949 4045 1067 4100 caetera
1081 4034 1263 4121 hujusmodi

305 4139 488 4226 importune
502 4139 637 4224 ingesta,
653 4159 760 4202 nonne
782 4137 878 4224 plena
893 4146 978 4218 sunt,
993 4159 1057 4200 non
1072 4147 1138 4201 tam
1153 4137 1264 4202 adula-

305 4240 399 4306 tionis
415 4241 502 4318 vitio,
518 4261 615 4328 quarn
633 4239 781 4306 veneno?
820 4239 903 4304 Sunt
918 4237 1006 4303 enim
1026 4237 1083 4325 qui
1102 4260 1162 4303 nee
1177 4260 1264 4303 scur-

305 4343 403 4410 rantis
427 4343 568 4430 speciem
593 4341 704 4420 ritant,
730 4364 830 4428 quum
860 4339 1035 4411 amicitiam
1064 4339 1264 4424 profiteatur.
