3425 5367
420 676 484 739 300
668 691 805 736 sonums
822 686 1101 734 sunssssmuusrs
1241 667 1322 746 [ma.
1340 687 1369 733 v.

424 844 554 923 tutiora,
575 854 607 906 et
632 842 689 918 eis,
713 840 800 925 quod
822 862 948 904 necesse
972 852 1031 917 est,
1053 836 1221 913 ministrat,
1240 861 1296 902 nec
1318 863 1373 906 un.

423 968 520 1033 quam
547 944 613 1008 sine
639 942 749 1007 scintis
779 964 844 1007 suoe
874 938 1052 1025 dispendio,
1078 938 1290 1004 exterioribus
1319 964 1372 1005 ex-

424 1060 599 1135 ponuntur.
644 1048 779 1131 Oportet
799 1057 905 1107 autem
923 1042 953 1105 in
971 1040 1136 1127 republica
1152 1042 1232 1105 hanc
1248 1056 1371 1108 naturas

422 1149 545 1237 opificis
559 1147 676 1213 servari
687 1146 869 1230 imaginem,
880 1158 913 1209 et
925 1144 974 1208 his
989 1143 1232 1209 necessariorum
1249 1147 1369 1232 copiam

423 1252 465 1315 de
480 1250 610 1338 publico
623 1246 805 1312 ministrari.

427 1526 506 1611 Cap.
527 1530 575 1589 lo.
599 1526 651 1589 De
665 1523 822 1587 lateribus
835 1529 1037 1604 potestatum,
1054 1542 1190 1603 quorum
1205 1526 1375 1588 amessitas

468 1629 626 1711 resplende
642 1633 697 1699 est,
715 1626 840 1689 molitio
855 1626 1072 1709 reprimenda,
1086 1625 1180 1706 [etde
1194 1627 1375 1705 eremiticis,

468 1749 601 1811 quorum
622 1731 740 1808 tingere
760 1726 948 1807 damnifica,
970 1727 1036 1787 nisi
1053 1726 1195 1807 funibus
1215 1731 1376 1807 argenteis

468 1833 577 1895 vincta
594 1831 715 1913 suerit,
737 1828 776 1890 dc
796 1847 967 1889 munerum
989 1828 1215 1909 acceptoribus,
1238 1835 1269 1891 et
1291 1830 1376 1911 quod

468 1952 589 1996 munos
607 1940 655 1995 est
667 1953 689 1994 a
704 1950 816 2005 mono,
831 1952 851 1993 o
868 1950 978 2003 causa,
994 1952 1015 1993 a
1032 1936 1181 2012 tempore,
1196 1953 1217 1993 a
1238 1932 1311 2007 loco,
1327 1934 1376 1995 nei

469 2035 586 2114 modo]

471 2168 540 2229 Suo
565 2178 596 2228 et
622 2166 655 2227 in
681 2163 844 2242 lateribus,
870 2163 918 2227 his
945 2161 1063 2227 scilicet
1091 2164 1148 2249 qui
1181 2163 1374 2250 principibus
1401 2182 1405 2189 ’

426 2267 542 2331 debent
565 2265 719 2341 assistere,
743 2264 812 2329 baec
835 2276 958 2329 naturae
982 2263 1120 2327 formula
1143 2264 1295 2328 servanda
1318 2280 1373 2327 est.

428 2373 563 2435 Constat
579 2367 661 2431 enim
679 2370 756 2452 quia
770 2388 790 2429 a
804 2370 950 2431 convictu
971 2388 1071 2430 mores
1086 2366 1274 2431 formantur.
1314 2366 1376 2444 Qui

426 2454 527 2556 tangit
544 2469 644 2556 picem
660 2468 881 2555 inquinabitur
895 2468 936 2531 ab
951 2490 997 2545 ea,

532 2587 643 2656 Unaque
655 2591 773 2639 contacta
783 2585 891 2639 livorem
904 2584 974 2638 ducit
985 2584 1017 2637 ab
1029 2603 1088 2637 ura.

427 2696 498 2757 Nec
509 2690 596 2754 domi
607 2689 734 2753 illorum
746 2689 906 2773 justitiam
920 2712 986 2753 esse
996 2688 1117 2766 credas,
1130 2703 1187 2755 aut
1199 2692 1377 2766 veritatem,

426 2808 482 2858 aut
509 2793 672 2877 pietatem,
695 2791 781 2878 apud
806 2814 889 2876 quos
915 2791 1003 2855 vides
1025 2793 1131 2855 omnia
1153 2815 1220 2856 esse
1243 2792 1376 2857 venalia.

428 2896 578 2961 Christus
592 2896 661 2980 ipse
672 2894 821 2959 exclusus
835 2906 894 2971 est,
906 2906 938 2958 et
954 2893 979 2957 si
994 2895 1101 2981 pulsat
1116 2895 1157 2959 ad
1173 2894 1303 2972 ostium,
1315 2918 1377 2959 non

428 2996 572 3082 aperitur
586 2996 626 3070 ei,
642 2994 773 3079 fugiunt
793 3006 825 3058 et
848 2994 962 3077 fugant
977 2994 1124 3079 gratiam,
1140 2999 1197 3082 qui
1216 2997 1322 3059 omnia
1337 2996 1377 3059 ad

427 3100 617 3185 pretium,et
632 3097 732 3181 gratis
744 3096 866 3161 faciunt
882 3095 969 3161 nihil.
1007 3097 1041 3162 Si
1054 3119 1162 3183 preces
1177 3097 1379 3183 porrigendae

428 3212 514 3276 sunt,
537 3200 563 3262 si
585 3221 679 3263 causa
704 3198 925 3279 examinanda,
948 3198 973 3261 si
995 3199 1173 3264 executioni
1200 3200 1379 3264 mandanda

428 3299 594 3379 sententia,
609 3300 635 3365 si
655 3300 848 3365 conficienda
870 3301 987 3379 cautio,
1003 3304 1110 3365 omnia
1131 3324 1280 3367 nummus
1300 3298 1379 3385 agit,

429 3402 544 3468 veritas
558 3425 642 3467 caeca
655 3414 715 3479 est,
733 3402 833 3493 pietas
848 3425 971 3482 manca,
986 3401 1064 3467 dum

533 3521 664 3583 Quantum
675 3520 782 3588 quisque
793 3537 841 3571 sua
851 3538 1014 3573 nummorum
1025 3527 1111 3575 servat
1123 3520 1148 3573 in
1161 3539 1228 3587 arca,

536 3603 652 3655 Tantum
664 3604 745 3657 hebet
756 3611 784 3657 et
794 3604 867 3657 fidei.
879 3635 950 3648 —-

720 3720 789 3730 --
802 3691 976 3744 Contemnere
987 3690 1097 3746 fnlmina
1108 3712 1205 3765 pauper

538 3776 661 3828 Creditur
672 3781 750 3845 atque
762 3776 834 3839 deos,
848 3777 899 3829 diis
909 3778 1104 3845 ignoscentibus
1115 3781 1187 3852 ipsis.

433 3882 497 3958 Qui
512 3879 691 3966 corruptior
705 3880 859 3957 moribus,
871 3894 901 3945 et
918 3884 1171 3967 corrumpentior
1186 3882 1381 3963 muneribus,

433 3982 519 4066 apud
534 3983 611 4046 istos
624 3983 747 4045 beatior
761 3996 818 4047 est.
858 3985 890 4047 Si
913 3985 1092 4069 principum
1108 4005 1220 4045 manus
1235 3983 1382 4062 evaseris,

432 4082 561 4167 mandis
586 4084 644 4147 tibi
668 4097 766 4148 restat
792 4085 854 4162 vis,
878 4101 976 4162 arcta,
999 4099 1031 4149 et
1057 4084 1178 4149 ardua:
1209 4097 1379 4169 antequam

435 4198 568 4249 tortores
583 4198 741 4249 extremos
761 4186 906 4271 effugias,
922 4186 1101 4251 sudandum
1117 4205 1164 4251 est
1180 4186 1249 4251 tibi.
1297 4189 1381 4251 Ecce

433 4288 643 4351 instrumenta
665 4299 721 4351 tua
742 4288 868 4353 coniicit
893 4291 1019 4369 Cossus,
1043 4290 1069 4353 si
1092 4312 1163 4355 eum
1188 4289 1324 4355 salutare
1349 4288 1383 4352 ii-
