3425 5367
424 731 488 791 ·288
670 746 806 790 maurus
822 746 1100 791 saausnsmsusrs
1234 729 1313 807 [cm.
1331 748 1374 795 ιν.

424 920 486 961 uon
501 896 654 971 ostendit,
671 895 789 979 linguis
805 897 871 961 suis
893 896 1108 972 introducant,
1126 896 1217 981 quasi
1232 896 1372 983 quodam

423 1002 549 1063 aurium
565 998 659 1077 ostio,
674 996 801 1061 literati.
848 998 953 1081 Legat
972 1020 1049 1083 ergo
1070 1021 1158 1061 mens
1173 1000 1326 1085 principis
1341 1000 1373 1063 in

422 1101 534 1184 lingua
548 1099 730 1179 sacerdotis,
744 1112 776 1163 et
799 1098 952 1185 quicquid
974 1102 1138 1185 egregium
1155 1100 1242 1163 videt
1258 1104 1289 1163 in
1307 1124 1373 1163 mo-

420 1203 521 1274 ribus,
541 1205 634 1287 quasi
657 1200 758 1285 legem
776 1200 907 1265 Domini
929 1214 1105 1265 veneretur.
1150 1203 1233 1264 Nam
1250 1215 1282 1266 et
1305 1202 1371 1266 vito

420 1314 451 1368 et
467 1304 578 1387 lingua
597 1302 809 1381 sacerdotum,
823 1304 916 1387 quasi
938 1302 1068 1389 quidam
1092 1304 1167 1367 vitae
1182 1303 1262 1367 liber
1277 1316 1324 1369 est
1339 1304 1371 1367 iu

419 1408 499 1471 facie
529 1406 743 1492 populorum„
779 1408 830 1469 Eo
856 1406 938 1469 forte
961 1418 1094 1491 spectat,
1117 1406 1205 1492 quod
1228 1408 1371 1493 exempla

417 1509 498 1593 legis
511 1532 532 1573 a
552 1508 771 1571 sacerdotibus
795 1507 949 1573 Leviticae
970 1508 1072 1571 tribus
1083 1508 1219 1593 jubetur
1233 1510 1369 1583 assumi3

419 1610 495 1696 quia
523 1608 755 1697 praedicatione
785 1632 893 1673 eorum
919 1608 1013 1673 debet
1042 1621 1184 1694 potestas
1214 1612 1371 1675 commissi

416 1715 620 1799 magistratus
640 1712 855 1798 gubernacula
876 1714 1043 1777 moderari.
1090 1717 1159 1777 Nec
1174 1738 1289 1800 expers
1304 1738 1370 1779 om·

415 1818 492 1881 nino
514 1816 658 1881 lectionis
681 1827 741 1891 est,
762 1816 818 1901 qui
845 1816 905 1879 etsi
931 1815 998 1900 ipse
1024 1838 1086 1879 non
1111 1816 1200 1899 legit,
1227 1840 1302 1902 quae
1327 1818 1369 1881 le-

415 1932 535 2001 guntur
560 1917 601 1981 ab
623 1916 704 1992 aliis,
727 1917 864 1980 fideliter
886 1916 988 1981 audit.
1033 1918 1098 1995 Qui
1120 1940 1196 1982 vero
1218 1934 1368 1985 neutrum

414 2018 503 2099 facit,
525 2017 699 2103 quomodo,
720 2018 753 2079 in
780 2030 967 2101 contemptu
990 2018 1154 2105 praecepti,
1177 2020 1265 2105 quod
1288 2043 1368 2105 prae-

413 2116 533 2200 cipitur
547 2115 686 2179 fideliter
700 2116 911 2201 adimplebit?
951 2120 1134 2184 Concursus
1152 2142 1290 2206 namque
1312 2121 1366 2184 de-

415 2215 631 2280 siderabilium
652 2216 793 2279 omnium
815 2217 977 2301 sapientiae
999 2218 1132 2283 accessio
1151 2232 1209 2283 est.
1257 2220 1365 2285 Ptolo-

413 2339 514 2380 maeus
536 2314 577 2380 ad
602 2316 765 2380 cumulum
792 2317 1009 2396 beatitudinis,
1032 2341 1135 2382 nonne
1158 2319 1216 2383 sibi
1242 2319 1364 2403 aliquid

413 2418 520 2482 deesse
532 2418 678 2499 credidit,
690 2419 791 2483 donec
801 2421 910 2485 accitis
922 2421 1125 2507 septuaginta
1137 2422 1365 2508 interpretibus

412 2518 485 2582 licet
508 2519 635 2604 gentilis
655 2534 748 2594 esset,
769 2521 871 2603 legem
894 2522 1025 2586 Domini
1047 2523 1169 2587 Graecis
1190 2525 1367 2588 communi.

411 2622 520 2685 cavit?
557 2620 648 2685 Nihil
675 2622 757 2685 enim
782 2622 891 2698 refert,
917 2645 957 2685 an
983 2622 1171 2709 interpretes
1194 2625 1225 2689 in
1253 2626 1363 2690 eadem

410 2723 524 2788 cellula
550 2724 651 2789 clausi
677 2724 879 2806 contulerint,
905 2748 944 2789 an
971 2726 1232 2811 prophetaverint
1257 2729 1290 2791 in
1315 2728 1363 2791 di·

410 2826 520 2905 versis,
549 2824 626 2887 dum
653 2838 776 2889 constet
802 2848 909 2909 regem
935 2828 966 2889 in
995 2828 1134 2893 veritatis
1160 2829 1362 2915 inquisitione

409 2926 582 3002 solicitum,
598 2926 698 3010 legem
721 2925 851 2991 Domini
872 2926 903 2990 in
928 2928 1086 2995 Graeciam
1107 2930 1273 3017 trajecisse.
1321 2932 1361 2994 In

408 3027 521 3093 Atticis
548 3028 707 3093 Noctibus
734 3028 846 3112 legisse
874 3030 1012 3105 memini,
1038 3032 1128 3116 quod
1154 3054 1257 3117 quum
1286 3032 1361 3095 Phi-

408 3128 488 3213 lippi
504 3128 690 3192 Macedonis
701 3152 826 3194 morum
841 3132 989 3217 legantur
999 3132 1145 3217 insignia,
1156 3132 1360 3199 intercaetera

408 3228 616 3295 literatorium
640 3230 797 3311 studium,
820 3233 910 3318 quasi
937 3232 1011 3297 belli
1038 3236 1178 3319 negotia,
1201 3248 1232 3299 et
1260 3234 1359 3297 victo·

407 3332 525 3397 riarum
549 3333 728 3419 triumphos
754 3334 976 3399 liberalitatem
1000 3358 1127 3413 mensae,
1150 3336 1358 3399 humanitatis

406 3434 556 3513 officium,
570 3448 604 3500 et
624 3458 825 3523 quaecunque
845 3436 962 3522 lepide,
981 3436 1253 3521 communiterque
1271 3436 1358 3501 dicta

406 3535 457 3598 vel
480 3536 565 3599 facta
591 3549 675 3615 suut,
697 3537 862 3599 coloravit.
909 3538 1026 3601 Verum
1052 3550 1084 3601 et
1112 3537 1171 3600 hoc
1193 3536 1298 3622 ipsum
1324 3537 1355 3601 in

405 3658 472 3719 quo
495 3658 528 3697 se
550 3634 619 3697 aliis
646 3634 900 3699 excellentiorem
923 3649 1066 3713 noverat,
1088 3637 1179 3723 quasi
1200 3637 1354 3701 bonorum

404 3734 676 3799 haereditariorum
692 3736 949 3817 fundamentum,
963 3738 1004 3801 ad
1021 3738 1151 3803 unicum
1172 3763 1266 3825 quem
1288 3764 1357 3825 spe-

404 3836 496 3901 rabat
520 3838 610 3921 regni
635 3849 667 3900 et
697 3835 859 3901 felicitatis
889 3838 1037 3903 futurum
1068 3840 1228 3917 heredem,
1255 3852 1355 3903 trans-

406 3940 533 4004 mittere
544 3938 677 4005 curavit.
716 3940 769 4005 Ob
779 3962 877 4026 quam
889 3963 1015 4005 causam
1028 3942 1162 4028 epistola
1175 3943 1245 4027 ejus
1259 3941 1354 4006 desti-

403 4054 479 4105 nata
500 4040 663 4105 Aristoteli
686 4063 788 4125 nuper
811 4042 877 4105 neti
893 4041 1078 4121 Alexandri,
1097 4058 1130 4107 ut
1154 4043 1353 4129 sperabatur,

402 4142 557 4224 magistro
573 4141 640 4204 visa
654 4154 702 4205 est
723 4141 775 4205 hic
790 4144 965 4208 scribenda.
1010 4146 1071 4209 Est
1085 4145 1187 4229 igitur
1201 4157 1354 4231 concepta

402 4242 444 4307 ad
459 4242 541 4304 hanc
555 4242 655 4305 ferme
670 4245 933 4309 sententiam.—“
944 4245 1116 4332 Philippus
1131 4245 1296 4311 Aristoteli
1307 4269 1354 4311 sa-

400 4349 501 4410 lutem
521 4343 609 4409 dicit.
655 4344 775 4411 Filium
796 4346 875 4411 mihi
895 4348 1038 4431 genitum
1063 4349 1153 4430 scito,
1176 4372 1242 4435 quo
1261 4351 1352 4434 equi-
