3425 5367
332 767 402 812 cin.
418 751 489 830 xm]
655 769 913 815 contemnens.
1225 753 1285 816 1⁰⁷

333 918 416 984 enim
432 919 526 984 homo
546 941 607 983 nou
628 941 760 1006 peccare
773 941 837 984 uon
852 931 993 1004 poterat,
1008 918 1085 1004 quin
1101 941 1175 982 eum
1191 923 1284 985 Deus

331 1033 528 1100 praenoverat
550 1033 768 1107 peccaturum,
790 1033 847 1084 aut
877 1019 956 1105 quia
982 1019 1038 1083 ille
1058 1043 1121 1084 nou
1150 1043 1282 1106 peccare

328 1133 549 1206 poterateum
558 1136 766 1209 peccaturum
776 1121 936 1187 Dominus
945 1122 1126 1207 ignorabat.
1163 1123 1281 1208 Neque

327 1241 389 1284 non
405 1223 484 1286 mori
500 1243 594 1309 posse
608 1222 778 1299 nesciebat,
789 1245 827 1286 eo
841 1221 932 1307 quod
945 1233 1013 1286 erat
1028 1222 1150 1306 peccati
1165 1223 1280 1288 merito

327 1324 511 1389 moriturus.
555 1327 671 1410 Neque
691 1345 766 1388 eum
781 1323 863 1388 mori
883 1345 1010 1387 necesse
1029 1337 1110 1404 erat,
1123 1324 1277 1409 quoniam

327 1423 388 1487 hoc
404 1425 563 1489 Dominus
577 1425 776 1510 praesciebat.
821 1426 945 1490 Factus
957 1440 1005 1490 est
1013 1426 1114 1510 igitur
1122 1425 1278 1510 quodam-

328 1523 424 1588 modo
437 1526 636 1604 immortalis,
651 1531 827 1591 moriturus
840 1527 954 1612 procui
967 1526 1080 1603 dubio,
1094 1541 1127 1591 et
1141 1539 1277 1591 mortem

327 1626 423 1712 culpa
451 1627 573 1702 attulit,
600 1650 697 1714 quam
726 1639 854 1692 ncturoe
882 1626 1023 1691 conditio
1051 1649 1116 1691 non
1142 1628 1276 1693 invexit.

328 1727 489 1812 Essetque
510 1727 551 1792 ab
570 1749 608 1792 ea
622 1725 862 1793 immortalitate
884 1749 948 1813 qna
960 1750 1024 1790 non
1044 1730 1126 1791 mori
1143 1739 1279 1813 poterat,

325 1826 358 1890 in
374 1849 443 1890 eam
456 1849 522 1913 qua
532 1828 612 1892 mori
622 1851 684 1892 non
697 1841 816 1914 posset,
829 1827 1087 1902 transferendum
1111 1829 1174 1892 nisi
1183 1827 1279 1914 culpe

323 1927 559 2008 inobedientiae,
582 1931 714 2016 praecisn
735 1931 873 2017 justitim
897 1933 1020 2010 semita,
1044 1941 1142 1994 tante
1165 1928 1278 2014 gloriae

324 2029 448 2096 aditum
464 2055 521 2117 pro
536 2045 680 2119 tempore
698 2033 922 2119 praeclusisset.
969 2034 1086 2119 Itaque
1099 2055 1231 2119 peccare
1243 2047 1276 2097 et

324 2155 386 2197 non
408 2157 539 2219 peccare
558 2136 662 2222 potuit
679 2159 765 2200 mern
786 2135 946 2222 praeditus
966 2136 1115 2201 libertate
1135 2133 1274 2212 arbitrii,

324 2235 380 2320 qui
390 2236 962 2324 nnlladispositionisviolentin‚nullo
969 2239 1110 2304 satorum
1119 2237 1273 2324 impulsu,

322 2337 412 2402 nulio
424 2340 614 2405 conditionis
625 2341 765 2419 stimulo,
780 2341 871 2405 nullo
885 2340 992 2404 adhuc
1005 2353 1131 2405 nuturae
1144 2340 1274 2404 defectu

323 2441 498 2525 urgebatur
519 2441 560 2504 ad
583 2445 723 2528 culpam,
745 2464 821 2527 quae
841 2441 1027 2505 indubitata
1047 2463 1162 2526 parens
1182 2463 1274 2526 poeue

322 2538 480 2604 homiuem
497 2553 609 2626 sponte
623 2539 746 2629 lapsum
762 2542 898 2628 impegit
910 2542 945 2604 in
964 2553 1109 2605 mortem.
1152 2546 1274 2606 Verum

323 2641 398 2725 quin
412 2643 444 2706 in
467 2643 626 2728 injustitia
646 2644 737 2706 frena
758 2643 879 2706 luxavit
900 2641 1035 2716 arbitrii,
1058 2643 1152 2706 sicin
1166 2663 1276 2726 enop-

320 2765 447 2828 preseus
469 2758 501 2808 et
523 2745 660 2810 obrutus
677 2747 773 2831 jacet,
795 2757 831 2809 ut
848 2746 939 2829 justo
957 2742 1022 2806 Dei
1038 2742 1175 2828 judicio,
1196 2746 1275 2827 quin

319 2855 398 2907 tunc
422 2845 524 2910 noluit
547 2868 567 2909 a
588 2859 718 2932 peccato
739 2846 898 2909 abstinere
918 2865 1021 2930 quum
1043 2843 1160 2929 potuit,
1178 2844 1275 2908 modo

320 2958 457 3030 nequeat
473 2946 630 3012 abstinere
642 2969 743 3032 quum
759 2945 844 3011 velit.
870 2947 959 3010 Ineo
969 2959 1076 3010 tamen
1087 2943 1155 3008 colo
1167 2945 1275 3010 adhuc

319 3047 348 3110 ei
365 3047 499 3112 liberum
517 3049 603 3134 viget
618 3050 798 3130 arbitrium,
814 3061 851 3114 ut
866 3049 929 3114 sibi
943 3047 984 3112 nd
999 3069 1082 3134 opus
1095 3047 1273 3134 iniquitatis

320 3149 466 3230 sufficiet,
481 3153 540 3216 etsi
558 3152 599 3216 ad
624 3153 740 3218 bonum
764 3173 827 3215 non
848 3151 910 3217 uisi
925 3173 946 3214 a
964 3149 1070 3236 gratia
1087 3161 1272 3235 praeventus

317 3267 349 3316 et
378 3251 511 3339 adjutus
533 3267 689 3340 assurgat.
736 3255 787 3318 Sic
803 3255 966 3340 justitiam
987 3275 1046 3337 per
1060 3275 1094 3316 ue
1110 3251 1268 3327 deserens,

321 3351 488 3418 traductus
509 3365 557 3418 eet
577 3355 610 3418 in
633 3376 768 3439 regnum
790 3354 925 3439 peccati,
947 3363 980 3415 et
995 3351 1115 3426 mortis,
1131 3364 1169 3416 ut
1185 3353 1270 3436 jugo

321 3455 481 3521 servitutis
496 3479 623 3542 pressus
642 3455 825 3520 necessitati
847 3451 1056 3538 delinquendi
1069 3465 1102 3516 et
1116 3452 1271 3517 moriendi

322 3555 493 3642 subjaceat,
506 3561 654 3645 quamvis
670 3558 729 3622 hoc
751 3579 814 3621 non
834 3557 975 3622 fatorum
997 3553 1102 3630 series,
1119 3553 1175 3620 ced
1190 3578 1271 3640 prae·

321 3657 521 3724 variationis
535 3661 684 3726 meritum
698 3659 893 3725 introducat.
937 3656 1087 3744 Alioquin
1108 3656 1270 3721 bominem

315 3758 1271 3847 uuilajustitiacondemnabit‚quumculpanoniueum‚ced

318 3861 350 3924 in
380 3861 481 3948 ipsius
504 3875 729 3950 retorquentur
751 3875 923 3928 auctorem.
970 3861 1138 3926 Possibilin
1157 3865 1268 3946 itaque

316 3973 400 4045 sunt,
421 3987 495 4050 quoe
516 3987 680 4052 uunquam
702 3966 814 4030 futura
837 3977 932 4029 sunt:
954 3985 1031 4048 quae
1052 3962 1090 4040 si,
1104 3961 1183 4046 quin
1203 3983 1267 4026 non

315 4078 418 4145 erunt,
432 4069 558 4132 evenire
573 4090 637 4132 uon
657 4081 795 4152 poscent,
818 4085 1021 4152 nequaquam
1043 4062 1207 4151 possibilia
1220 4062 1269 4128 di.

315 4181 470 4233 cenentur.
527 4169 649 4236 Navale
678 4167 835 4254 siquidem
864 4167 985 4232 bellum
1014 4166 1095 4244 fieri,
1125 4167 1266 4251 itemque

315 4287 375 4330 non
392 4269 459 4334 fieri
481 4271 630 4357 pintibile
651 4283 710 4351 est,
724 4270 860 4336 alterum
882 4282 990 4334 tamen
1011 4267 1143 4356 prmcice
1164 4280 1197 4332 et
1210 4266 1267 4330 de·

317 4369 480 4438 terminate
497 4397 608 4439 verum
624 4385 673 4438 est
690 4385 721 4438 ct
737 4373 933 4459 praescitum.
