3425 5367
280 733 429 813 cram]
629 749 881 796 rouroasrrcus.
1168 736 1231 795 309

276 902 420 988 judicem
434 912 560 988 oportet
575 922 641 965 esse
656 900 938 988 religiosissimum,
954 901 1051 987 etqui
1066 922 1158 964 omne
1173 901 1233 965 ini-

280 1028 380 1091 quum
394 1016 494 1071 morte
518 1006 588 1090 ipsa
608 1005 713 1087 magis
732 1005 844 1070 oderit.
888 1004 974 1078 Quia
988 1025 1063 1087 ergo
1077 1004 1231 1089 praesides

278 1107 470 1171 ordinariam
491 1107 612 1171 hebent
630 1107 899 1191 jurisdictionem,
923 1108 973 1170 vsi
994 1106 1231 1191 jurisdicendi

279 1219 478 1291 potestatem,
493 1206 636 1293 ipsomm
651 1220 684 1273 et
692 1209 842 1293 judicum
857 1208 993 1272 aliorum
1008 1228 1073 1271 una
1094 1216 1143 1272 est
1157 1228 1230 1291 spe·

279 1311 410 1387 culatio,
423 1318 456 1373 et
471 1309 557 1394 quod
573 1310 679 1373 dehis
694 1310 821 1388 dicitur,
835 1309 931 1373 facile
947 1309 988 1373 ad
1004 1310 1138 1373 aliorum
1153 1331 1229 1375 con·

279 1412 480 1495 sequentiam
504 1410 645 1476 trahitur.
692 1412 754 1475 Est
778 1411 887 1495 itaque
910 1411 1048 1494 primum
1073 1409 1160 1495 quod
1187 1434 1230 1476 cx

279 1511 472 1575 necessitate
502 1512 600 1575 officii
628 1512 770 1596 utrisque
798 1510 961 1588 indicitur,
984 1522 1018 1575 ut
1036 1509 1172 1595 justitiae
1195 1512 1231 1575 in

280 1612 430 1676 omnibus
443 1623 600 1697 pareatur,
614 1622 648 1677 et
666 1613 745 1677 nihii
761 1633 871 1676 eorum
892 1633 963 1695 quae
986 1612 1132 1676 saciando
1146 1623 1232 1691 sunt,

279 1713 338 1777 fiat
359 1711 401 1776 ad
425 1713 574 1796 pretium.
620 1713 706 1777 Nam
729 1711 818 1797 quod
846 1711 1001 1796 injustum
1032 1722 1091 1787 est,
1114 1734 1231 1797 usque·

281 1835 408 1899 quaque
433 1836 500 1877 non
525 1816 612 1893 licet,
637 1826 674 1878 ut
698 1836 758 1879 nec
787 1835 847 1897 pro
876 1814 1042 1896 temporali
1071 1813 1137 1877 ritu
1162 1812 1232 1877 fieri

278 1918 386 1981 liceat.
430 1914 527 1987 Quod
548 1938 623 1980 sero
642 1917 766 2001 justum
789 1925 849 1990 est,
871 1914 1028 1979 mercedis
1052 1916 1231 1980 interventu

279 2040 344 2082 nou
364 2016 499 2100 indiget,
513 2040 610 2103 quum
621 2040 680 2103 per
693 2040 727 2081 se
739 2017 809 2081 fieri
828 2016 955 2095 debeat,
969 2028 1001 2081 et
1019 2016 1168 2101 iniquum
1189 2020 1230 2081 sit

279 2120 416 2185 rendere
436 2120 525 2203 quod
546 2118 689 2183 debetur.
733 2118 897 2182 Justitiam
917 2140 993 2199 ergo
1013 2117 1150 2182 vendere
1170 2119 1231 2181 ini-

279 2220 384 2306 quitas
405 2230 474 2297 est3
501 2219 700 2305 injustitiam,
721 2221 832 2304 iniqua
853 2220 988 2283 insania.
1028 2221 1118 2284 Haec'
1134 2220 1232 2305 siqui·

279 2320 354 2384 dem
375 2321 496 2405 ubique
514 2321 685 2404 reprobata
701 2330 761 2395 est,
782 2330 818 2384 ut
838 2340 997 2403 nusquam
1012 2340 1083 2383 esse
1103 2320 1232 2397 debeat,

279 2424 337 2487 illa
364 2423 485 2505 ubique
514 2421 623 2485 debita
647 2430 708 2496 est,
732 2430 769 2484 ut
797 2421 868 2485 sine
898 2422 1018 2484 scelere
1044 2421 1140 2485 vendi
1164 2444 1232 2487 non

280 2526 393 2607 possit.
438 2525 554 2607 Neque
579 2524 665 2587 enim
692 2524 825 2587 Balaam
845 2544 887 2587 ex
911 2543 949 2585 eo
969 2523 1127 2605 culpatur,
1146 2524 1233 2607 quod

278 2627 392 2713 popuii
408 2626 472 2691 Dei
497 2646 627 2691 causam
656 2624 927 2703 condemnaverit,
952 2623 1078 2689 aliudve
1103 2623 1233 2706 dixerit,

279 2750 375 2813 quam
397 2726 486 2812 quod
510 2726 670 2790 Dominus
698 2725 885 2811 inspirabat,
910 2724 965 2789 sed
997 2726 1073 2809 quia
1102 2726 1233 2791 avaritia

279 2839 463 2895 excecatus
477 2839 537 2905 est,
550 2826 728 2891 infidelium
744 2847 874 2891 causam
890 2826 1052 2891 instruens
1067 2827 1230 2911 quomodo

279 2931 322 2996 ad
345 2928 583 3014 provocandum
608 2929 687 2992 irsm
714 2927 778 2991 Dei
805 2927 1005 3012 delinqueret
1030 2928 1140 3003 Israel,
1164 2928 1233 2993 dic·

279 3041 369 3095 tanto
394 3029 517 3093 malitia
541 3028 730 3112 procuravit
778 3026 948 3100 Quaerebat
971 3047 1047 3109 ergo
1070 3028 1231 3111 quomodo

274 3130 362 3214 justo
379 3130 567 3215 justificaret
587 3149 717 3193 causam
740 3128 844 3211 impii,
860 3140 893 3193 et
914 3128 1007 3211 quasi
1028 3128 1122 3191 illuso
1145 3128 1230 3205 Deo,

279 3232 411 3314 gratim
426 3230 495 3315 ojus
509 3228 708 3295 subtraheret
721 3230 841 3293 eiectis.
886 3231 953 3293 Aut
972 3230 1000 3292 si
1015 3228 1146 3293 adversa
1157 3230 1229 3315 jus-

278 3333 396 3399 tificari
409 3354 474 3397 non
488 3344 599 3417 posset
618 3352 726 3410 causa,
739 3332 801 3395 hoc
818 3332 931 3394 saltem
947 3332 1074 3413 agebat,
1091 3342 1172 3395 utet
1187 3334 1228 3397 ab

278 3435 342 3499 ista
357 3432 523 3499 recederet
544 3433 643 3495 Deus.
689 3430 990 3514 compugnantibus
1009 3451 1150 3515 namquo
1168 3431 1230 3495 iui-

279 3536 362 3621 quis,
381 3534 511 3599 vincere
534 3532 584 3615 (ut
605 3532 733 3613 dicitur)
756 3532 934 3610 consuerit,
956 3531 1012 3615 qui
1035 3532 1155 3598 viribus
1177 3555 1229 3599 su·

279 3636 385 3719 perior
413 3645 470 3699 est.
525 3632 721 3697 Balaumitos
748 3631 860 3695 rideas
884 3632 1049 3716 plurimos,
1074 3634 1128 3717 qui
1154 3634 1232 3701 licet

278 3738 422 3821 iniquam
436 3737 542 3799 nolint
558 3736 640 3799 ferro
656 3734 855 3806 sententiam,
873 3734 1012 3817 corrupti
1033 3742 1139 3799 tamen
1160 3759 1230 3801 mu·

278 3838 421 3915 neribus,
429 3836 588 3921 justitiam
602 3836 701 3919 partis
719 3836 824 3908 unius,
839 3834 874 3897 in
889 3836 1018 3897 alteram
1035 3838 1147 3918 quavis
1161 3848 1229 3904 arte

279 3938 447 4003 transferre
461 3937 643 4001 moliuntur.
689 3937 765 3999 Non
786 3934 881 3997 facile
903 3933 1041 3997 dixerim
1063 3946 1166 3999 utrum
1188 3940 1229 4004 sit

278 4038 426 4121 nequius,
443 4038 522 4101 licet
539 4036 684 4100 venditor
706 4032 877 4117 aequitatis,
898 4032 1053 4096 malitiam
1075 4034 1150 4099 suco
1171 4038 1228 4103 ssi·

278 4136 391 4201 iaciori
418 4136 549 4199 coloret.
599 4136 709 4199 Potest
736 4144 843 4197 tamen
873 4131 973 4196 rideri
1000 4134 1144 4217 nequior,
1173 4138 1229 4221 qui

280 4236 378 4299 officii
393 4236 441 4299 sui
458 4236 639 4319 principem
658 4244 691 4299 et
707 4234 860 4317 reginam,
882 4234 934 4297 cui
954 4232 1036 4297 fides
1051 4235 1231 4315 famulatur,

277 4336 372 4421 qussi
386 4356 524 4401 mercem
547 4335 581 4398 in
597 4336 666 4399 soro
686 4334 843 4407 distrahit,
859 4356 896 4399 ac
917 4334 943 4397 si
959 4354 1066 4397 servus
1088 4334 1229 4401 infidelis
