3425 5367
469 740 532 799 264
726 752 862 797 soannrs
878 750 1156 797 sannsnarususrs
1289 732 1374 811 [Lm.
1390 752 1421 795 v.

457 915 525 981 ,aut
547 903 715 967 brutorum
738 902 921 967 animalium
951 926 1011 987 ope
1034 903 1228 967 movebitur.
1275 901 1372 967 Ponit
1386 902 1418 966 in

470 1006 555 1068 hunc
571 1003 711 1085 modurn,
726 1028 813 1069 more
834 1028 904 1087 suo,
919 1029 1015 1092 quam
1033 1005 1180 1092 plurima,
1194 1028 1269 1091 quae
1284 1004 1417 1091 diligen-

469 1106 533 1171 tius
549 1106 711 1171 diffusiore
725 1118 864 1173 tractatu
880 1108 1096 1193 prosequitur,
1109 1108 1150 1171 ad
1161 1106 1417 1173 informationem

470 1207 682 1294 Reipublicae,
717 1221 749 1273 et
778 1208 1023 1293 magistratuum
1053 1210 1277 1275 eruditionem.
1337 1210 1418 1287 Quae

468 1309 574 1373 omnia
589 1308 768 1395 syllabatim
784 1312 912 1393 exequi,
928 1310 1050 1375 servilis
1072 1308 1343 1395 interpretationis
1357 1321 1417 1385 est,

469 1434 542 1496 quoe
564 1409 671 1495 potius
686 1410 811 1475 affectat
828 1411 975 1496 speciem,
991 1434 1088 1497 quam
1105 1412 1189 1477 vires
1204 1410 1343 1475 auctoris
1365 1432 1419 1473 ex-

468 1514 614 1599 primere.
659 1513 704 1576 Et
719 1511 796 1598 quia
810 1511 898 1598 apud
920 1512 1024 1597 ipsum
1041 1512 1081 1576 de
1096 1511 1289 1589 ceremoniiS,
1305 1524 1337 1574 et
1353 1510 1419 1574 cul-

467 1626 541 1678 tura
564 1615 717 1693 Deorum,
738 1614 833 1699 plura
855 1638 929 1699 quae
955 1614 1102 1699 religioso
1124 1614 1259 1701 principi
1281 1612 1418 1699 putabat

467 1715 649 1801 ingerenda,
666 1716 917 1801 superstitiosius
938 1716 1101 1801 disputata
1117 1726 1200 1797 sunt,
1221 1716 1270 1779 his
1285 1715 1417 1790 omissis,

467 1840 541 1903 quae
563 1817 604 1881 ad
626 1816 813 1882 idololatriae
835 1822 959 1881 cultum
980 1818 1151 1903 pertinent,
1169 1817 1418 1904 perstringamus

468 1920 607 1984 breviter
636 1942 762 1984 sensum
792 1920 940 1997 hominis,
963 1942 1029 2005 quo
1054 1920 1240 2006 principem,
1262 1933 1293 1985 et
1315 1918 1417 1985 officia

468 2020 666 2107 Reipublicae
682 2020 723 2085 ad
738 2020 860 2086 cultum
872 2021 1010 2109 justitiae
1025 2022 1228 2087 informabat.

468 2327 547 2410 Cap.
564 2334 594 2391 3.
621 2326 704 2394 Quae
715 2331 885 2411 praecipue
899 2336 1066 2393 uersentur
1080 2333 1117 2393 in
1137 2332 1315 2395 intentione
1337 2331 1418 2393 Plu·

509 2431 632 2493 tarchi:
663 2438 694 2494 et
717 2432 757 2494 de
777 2435 955 2495 reuerentia
979 2432 1156 2497 cohibenda
1177 2432 1257 2512 Deo,
1279 2440 1310 2496 et
1325 2432 1417 2495 rebus

509 2554 622 2598 saorra.

512 2703 552 2769 Iu
567 2727 690 2769 summa
704 2728 781 2791 ergo
798 2716 938 2791 quatuor
954 2718 1040 2787 sunt,
1056 2731 1127 2793 quae
1143 2706 1256 2773 nititur
1276 2706 1415 2792 Reipub-

467 2805 536 2869 licae
558 2805 756 2891 principibus
777 2806 955 2869 inculcare:
979 2807 1186 2871 reverentiam
1203 2808 1277 2883 Dei,
1294 2806 1416 2871 cultum

466 2908 525 2983 sui,
554 2906 751 2993 disciplinam
774 2906 970 2987 officialium,
993 2921 1024 2973 et
1040 2920 1246 2994 potestatum,
1268 2908 1416 2974 affectum

466 3025 499 3074 et
518 3010 750 3095 protectionem
771 3009 986 3077 subditorum.
1032 3014 1138 3075 Deum
1158 3034 1236 3097 ergo
1249 3011 1283 3075 in
1303 3011 1415 3097 primis

466 3112 576 3175 asserit
597 3112 829 3191 honorandum,
851 3112 966 3178 deinde
988 3113 1125 3200 seipsum
1155 3114 1324 3179 colendum
1349 3113 1417 3180 uni-

466 3213 592 3299 cuique,
609 3225 646 3278 ut
660 3213 835 3278 secundum
850 3214 937 3300 quod
953 3216 1130 3301 Apostolus
1140 3218 1246 3297 sentit,
1262 3216 1347 3299 (licet
1361 3214 1416 3279 ille

466 3314 661 3401 Apostolum
677 3338 739 3379 uon
754 3322 916 3401 agnoscat)
934 3317 1155 3403 uuusquisque
1165 3340 1220 3383 vas
1235 3339 1328 3382 suum
1343 3338 1414 3402 pos-

465 3418 567 3483 sideat
578 3421 610 3483 in
622 3416 867 3483 sanctificatione
878 3431 908 3483 et
921 3418 1048 3484 honore.
1095 3423 1183 3497 Post,
1194 3432 1230 3485 ut
1239 3418 1415 3485 doctrinam

466 3517 629 3605 praepositi
645 3518 743 3583 totius
757 3516 926 3603 disciplina
940 3518 1054 3585 domus
1073 3519 1223 3597 redoleat,
1238 3532 1269 3585 ct
1287 3518 1414 3583 tandem

438 3647 446 3651 ·
467 3619 654 3686 universitas
669 3619 895 3704 subjectorum,
910 3620 951 3684 de
965 3621 1079 3707 capitis
1096 3622 1340 3709 praepositorum
1356 3620 1415 3685 sibi

466 3717 684 3785 incolumitate
713 3718 849 3784 lactetur.
896 3722 1091 3808 Magnorum
1121 3747 1251 3811 quoquc
1274 3724 1414 3788 virorum

466 3822 744 3909 strategematibus
761 3837 793 3888 ct
813 3826 1076 3909 strategematicis
1091 3827 1206 3903 utitur,
1229 3849 1301 3912 quae
1318 3826 1415 3907 siper

466 3926 592 4009 singula
606 3924 795 4004 inserantur,
811 3926 943 3991 taediosa
957 3941 1052 3992 eruut
1066 3928 1188 4005 lectori,
1203 3939 1234 3991 et
1249 3948 1309 4011 pro
1323 3937 1414 4010 parte

465 4050 485 4090 a
510 4028 584 4090 fidei
606 4039 723 4091 nostras
737 4027 916 4094 sinceritate
938 4030 1095 4095 recedent.
1142 4030 1314 4104 Coeterum,
1338 4028 1415 4113 quia

466 4128 565 4192 sancti
594 4141 711 4213 patres,
742 4140 774 4193 et
810 4131 991 4216 principum
1020 4130 1117 4215 leges,
1154 4128 1240 4193 illius
1276 4129 1415 4195 deducta

466 4243 571 4293 tamen
584 4229 728 4316 perfidia,
740 4231 890 4298 videntur
905 4234 1059 4299 inhaererc
1071 4230 1228 4317 vestigiis,
1239 4231 1413 4297 doctrinam

466 4334 545 4418 rjus,
562 4355 703 4398 sermone
718 4334 872 4400 catholico
888 4350 919 4401 et
936 4334 1104 4413 succincto,
1122 4334 1255 4421 adjectis
1270 4358 1308 4399 ex
1326 4347 1415 4421 parte
