3425 5367
413 666 477 725 ala
687 674 827 720 scaurus
842 673 1123 719 sannsnnnrnnsrs
1241 656 1322 734 [mn.
1340 680 1368 723 v.

413 829 584 915 patrocinii
607 827 793 891 fidelissime
814 825 1013 909 implendum
1036 837 1095 900 est,
1116 838 1147 889 et
1167 827 1237 891 sine
1258 829 1369 893 adver·

414 931 566 996 sariorum
588 928 715 1013 injuria.
760 928 953 991 Rationibus
975 948 1126 1011 namque,
1148 951 1215 992 non
1242 934 1368 1015 probris

413 1029 671 1097 contendendum
686 1038 744 1107 est,
757 1040 788 1092 et
803 1050 845 1092 ex
862 1030 969 1093 edicto
984 1030 1140 1113 principis
1161 1033 1279 1116 patitur
1298 1038 1367 1117 opi·

411 1134 519 1198 aionis
535 1130 751 1215 dispendium,
761 1130 911 1215 quisquis
922 1131 1052 1212 negotio
1068 1129 1229 1212 derelicto,
1246 1156 1366 1218 procax

410 1237 445 1299 iu
464 1233 634 1300 adversarii
657 1232 707 1295 sui
727 1232 952 1297 contumeliam
977 1242 1033 1295 aut
1055 1234 1161 1317 palam
1182 1236 1297 1318 pergit,
1312 1252 1366 1301 aut

411 1336 555 1401 subdole.
602 1334 669 1399 Sed
688 1335 765 1397 licet
783 1346 918 1417 patrono
939 1356 1062 1398 merces
1083 1354 1122 1399 ex
1145 1358 1244 1401 causa
1265 1338 1365 1401 hono·

410 1438 483 1501 rarii
506 1436 670 1514 debeatur,
693 1436 954 1499 concinnatorem
985 1436 1035 1499 vel
1062 1436 1296 1520 redemptorem
1326 1440 1365 1502 li·

410 1542 490 1606 tium
506 1561 576 1603 esse
590 1560 656 1603 non
667 1539 756 1616 licet,
766 1549 802 1602 ut
813 1550 906 1601 certae
919 1538 1018 1621 partis
1029 1540 1276 1604 emolumenturn
1290 1564 1363 1605 cum

409 1640 497 1724 gravi
513 1639 629 1703 damno
649 1638 829 1720 litigatoris,
844 1647 876 1702 et
897 1637 1034 1723 quadam
1059 1639 1284 1723 deprecatione
1306 1665 1362 1726 pa·

409 1743 554 1806 niscatur.
599 1739 765 1824 Quicquid
787 1748 892 1802 antem
916 1750 1067 1822 patronus
1085 1741 1268 1822 allegaverit
1283 1766 1363 1827 prro·

408 1855 497 1907 sente
514 1840 655 1919 domino,
668 1840 801 1923 perinde
816 1851 865 1903 est
879 1840 1075 1919 habendum,
1091 1862 1128 1905 ac
1144 1843 1171 1905 si
1186 1846 1363 1927 proferatur

406 1967 427 2008 a
441 1944 582 2020 domino,
595 1942 657 2007 nisi
681 1964 723 2005 ex
743 1943 930 2019 continenti,
945 1942 979 2004 id
1003 1953 1060 2022 est,
1074 1944 1157 2007 infra
1178 1947 1359 2028 proximum

407 2044 550 2107 triduum
567 2043 806 2108 contradixerit.
851 2042 945 2105 Licet
967 2053 1072 2106 autem
1088 2054 1260 2126 patronum
1276 2048 1360 2110 vinci

407 2145 635 2226 contigentia
651 2144 740 2205 nullo
761 2142 889 2206 laeditur
911 2144 994 2206 fama
1014 2143 1093 2227 ejus,
1110 2146 1136 2208 si
1158 2146 1237 2209 nihil
1253 2150 1361 2212 omisit

406 2270 449 2311 ex
472 2245 742 2327 contingentibus,
765 2253 798 2308 et
820 2246 945 2308 clientis
968 2246 1017 2308 sui
1039 2246 1198 2330 justitiam
1224 2248 1360 2313 fideliter

404 2348 491 2411 fovit.
538 2348 614 2411 Non
634 2346 719 2410 enim
739 2346 863 2429 cogitur
882 2347 1074 2430 patrocinari
1098 2348 1275 2413 mendacio.
1320 2352 1355 2415 si

405 2448 484 2533 quid
507 2469 580 2511 vero
606 2447 747 2510 laesionis
772 2448 862 2509 affert
889 2468 996 2525 cansa,
1016 2448 1050 2510 in
1075 2448 1237 2530 litigantes
1262 2450 1359 2529 cadit,

292 2618 299 2625 ‚
403 2552 471 2615 sive
486 2551 629 2636 civiliter,
645 2550 708 2633 sivf
723 2550 928 2612 criminaliter
942 2562 1046 2613 actum
1063 2550 1112 2615 sit.
1159 2552 1235 2616 Hoc
1253 2566 1358 2617 autern

404 2652 558 2737 quicquid
581 2652 633 2730 sit,
648 2652 807 2715 sententia
829 2652 998 2715 diffinitiva
1021 2652 1172 2728 declarat,
1196 2677 1267 2739 quse
1288 2678 1358 2720 reos

404 2754 668 2831 condemnat,ch
685 2754 833 2828 absolvit,
846 2762 878 2816 et
893 2752 1051 2815 interdum
1062 2754 1095 2816 in
1112 2755 1200 2838 ipsos
1212 2766 1357 2821 auctores

404 2854 639 2917 consultissime
665 2854 845 2917 acerbitatis
869 2853 1005 2916 effundit
1030 2856 1170 2917 aculcos.
1216 2858 1300 2920 Nam
1322 2869 1358 2921 ut

404 2956 445 3019 de
460 2954 610 3019 civilibus
631 2966 781 3033 taceatur,
796 2956 829 3017 in
850 2956 972 3039 quibus
986 2967 1093 3019 tamen
1109 2966 1158 3020 est
1178 2958 1291 3022 eadem
1307 2961 1354 3023 in-

404 3058 523 3133 venire,
538 3068 757 3119 accusatorum
774 3056 936 3120 temeritas
951 3058 1053 3121 tribus
1068 3058 1172 3122 modis
1188 3059 1356 3143 detegitur,

403 3156 568 3239 tribusque
583 3156 749 3241 subjicitur
763 3159 878 3241 poenis.
924 3160 989 3222 Aut
1004 3161 1091 3223 enim
1112 3158 1355 3241 calumniantur,

402 3270 459 3322 aut
487 3257 740 3342 praevaricantur,
769 3270 825 3323 aut
853 3261 1107 3343 tergiversantur.
1158 3263 1220 3325 Est
1249 3272 1353 3326 autem

402 3360 601 3439 calumniari,
630 3361 764 3451 crimina
797 3362 877 3425 falsa
906 3363 1081 3427 intendere.
1138 3364 1353 3440 Praevaricari,

402 3484 477 3525 vera
497 3461 704 3526 abscondere.
748 3466 791 3527 At
811 3464 846 3526 in
870 3466 1050 3527 universum
1079 3467 1119 3527 ab
1150 3467 1353 3529 accusatione

403 3562 566 3641 desistere,
588 3562 785 3642 tergiversari
811 3574 870 3625 est.
916 3564 980 3625 Sed
1003 3566 1072 3644 lege
1095 3566 1210 3630 Remia
1236 3570 1355 3632 calum·

402 3660 527 3723 uiantes
548 3659 590 3723 ad
613 3657 784 3720 vindictam
801 3660 907 3741 poscit
927 3659 1103 3724 similitudo
1125 3666 1288 3747 supplicii,
1309 3662 1360 3729 ita¹

401 3774 507 3826 tamen
523 3772 558 3824 ut
571 3772 742 3845 postquam
754 3781 826 3823 reus
842 3760 1006 3824 absolutus
1021 3762 1114 3825 fuerit
1130 3786 1227 3847 quum
1244 3767 1285 3828 de
1301 3788 1354 3829 ac-

400 3863 557 3928 cusatoris
572 3863 706 3927 consilio
729 3875 760 3925 et
775 3875 879 3926 mente
895 3864 1083 3936 constiterit,
1100 3865 1126 3925 si
1143 3865 1233 3949 justo
1249 3888 1352 3931 errore

398 3958 510 4047 lapsus
530 3977 588 4041 est,
602 3965 795 4027 absolvatur.
840 3960 875 4027 Si
892 3986 965 4029 vero
986 3964 1020 4027 in
1037 3964 1174 4028 evidenti
1190 3967 1353 4031 calumnia

399 4063 616 4146 deprehensus
632 4074 691 4137 est,
707 4084 804 4147 poena
817 4065 961 4147 legitima
976 4065 1215 4129 condemnetur.
1254 4068 1351 4139 Quod

338 4211 344 4217 -
400 4156 502 4249 ipsius
523 4164 799 4246 pronunciationis
821 4168 1042 4231 manifestatur
1064 4170 1169 4230 verbo.
1216 4170 1301 4231 Nam
1324 4172 1352 4233 si

399 4265 643 4350 pronunciatum
665 4276 723 4345 est,
746 4289 809 4331 non
830 4270 983 4352 probasti,
998 4270 1142 4353 pepercit
1159 4271 1268 4333 actori.
1316 4272 1350 4335 Si
