3425 5367
295 683 365 728 one.
381 662 458 741 xm]
650 675 905 721 eonvcns‘rrcos.
1206 664 1247 721 79

296 830 430 915 generis,
449 828 603 915 temporis
623 826 838 915 perpetuitate
856 836 1048 912 compensat.
1088 826 1180 890 Mors
1201 838 1248 892 et·

296 932 378 995 enim
398 930 463 1010 illa,
478 929 588 1014 Moysi
610 928 722 992 faciem
743 927 866 991 detexit
882 928 1047 1008 universis,
1063 940 1250 1014 perpetuam

296 1036 447 1099 duritiam
463 1033 567 1108 scidit,
579 1044 612 1097 et
627 1032 866 1095 resurrectionis
877 1032 1034 1117 primitias
1048 1035 1081 1095 in
1097 1044 1247 1097 aeternam

296 1136 440 1201 laetitiam
462 1134 654 1198 introduxit.
701 1132 762 1195 Illa
783 1154 915 1218 quoque
937 1154 1011 1218 quae
1033 1133 1115 1197 diem
1134 1132 1249 1217 judicii

297 1232 474 1321 praevenire
483 1231 646 1307 dicuntur,
659 1252 715 1315 per
726 1229 794 1294 dies
808 1252 863 1306 xv,
875 1230 901 1293 si
916 1242 1020 1294 tamen
1037 1230 1148 1295 futura
1163 1244 1249 1307 sunt,

298 1335 448 1422 quoniam
478 1334 520 1397 de
548 1332 704 1417 scriptura
730 1331 894 1396 Canonica
922 1331 1156 1395 firmamentum
1187 1355 1250 1395 non

299 1436 429 1512 habent,
458 1447 581 1500 naturae
611 1434 736 1519 legibus
765 1434 895 1498 minime
924 1431 1146 1519 subjacebunt,
1172 1434 1251 1499 dum

301 1553 407 1604 tamen
418 1554 560 1603 naturam
572 1538 634 1614 hic,
644 1550 682 1601 ut
696 1537 729 1599 in
740 1536 818 1601 locis
828 1556 925 1621 quam
937 1535 1096 1622 pluribus,
1108 1537 1251 1599 dicamus

301 1642 431 1705 solitum
446 1662 572 1703 cursum
588 1662 707 1714 rerum,
722 1651 779 1702 aut
794 1660 904 1701 causas
918 1634 1057 1702 occultas
1070 1651 1250 1715 eventuum,

301 1765 440 1829 quarum
455 1741 536 1806 ratio
550 1741 640 1806 reddi
654 1753 770 1827 potest.

307 2017 384 2102 Cap.
411 2021 460 2079 la.
483 2016 581 2079 Nihil
608 2023 720 2079 contra
748 2023 917 2091 staturam,
948 2023 1078 2080 auctora
1108 2018 1254 2091 Plutone,

368 2120 563 2199 contingere,
578 2121 637 2199 qui
652 2124 808 2181 notrorum
823 2120 900 2181 dicit
915 2118 979 2181 Dei
993 2122 1198 2183 voluntatem.

349 2252 387 2314 St
410 2272 485 2313 vero
511 2250 677 2315 Platonem
705 2250 868 2336 sequimur
891 2252 948 2337 qui
973 2254 1084 2317 asserit
1111 2264 1255 2319 naturam

306 2376 373 2417 esse
399 2353 462 2416 Dei
489 2354 700 2429 voluntatem,
722 2354 867 2437 profecto
890 2354 969 2417 nihil
995 2356 1128 2419 istorum
1151 2356 1257 2419 evenit

307 2469 418 2520 contra
435 2469 596 2535 naturam,
611 2478 713 2541 quum
735 2454 790 2519 ille
803 2457 910 2521 omnia
931 2481 1133 2545 quascunque
1155 2458 1257 2523 voluit

308 2559 428 2623 fecerit.
474 2559 535 2622 llle
558 2558 689 2644 quidem
713 2558 788 2623 dum
812 2582 918 2623 rerum
942 2584 1050 2625 causas
1075 2561 1258 2647 exequitur,
1324 2602 1327 2608 ·

308 2661 401 2725 finem
417 2663 559 2725 omnium
574 2661 717 2724 divinam
741 2662 856 2727 astruit
878 2663 1063 2727 bonitatem.
1109 2663 1260 2748 Optimus

310 2775 370 2840 est,
395 2764 510 2849 inquit.
569 2764 669 2827 Porro
699 2764 740 2828 ab
770 2762 892 2849 optimo
922 2764 1016 2848 longe
1044 2763 1184 2849 relegata
1212 2775 1260 2827 est

311 2868 413 2927 omnis
426 2863 556 2927 invidia.
603 2866 720 2949 ltaque
742 2878 970 2951 consequenter
984 2879 1098 2931 cuncta
1113 2866 1160 2931 sui
1178 2864 1262 2929 simi-

311 2965 366 3042 lia,
391 2978 488 3051 prout
512 2978 627 3029 natura
653 2968 813 3054 cujusque
837 2967 1043 3033 beatitudinis
1066 2991 1166 3055 capax
1193 2990 1260 3033 esse

312 3082 449 3154 poterat,
466 3068 545 3131 effici
569 3068 683 3147 voluit,
698 3093 796 3156 quam
817 3069 947 3157 quidem
970 3070 1032 3134 Dei
1054 3071 1263 3150 voluntatem,

312 3171 517 3235 certissimam
535 3194 643 3236 rerum
657 3171 810 3256 originem
833 3196 909 3247 esse,
927 3174 951 3236 si
967 3173 1039 3258 quis
1053 3186 1162 3258 ponat,
1178 3184 1263 3235 recte

313 3295 385 3336 eum
412 3286 526 3359 putare
549 3272 753 3338 consentiam.
798 3278 842 3338 Et
867 3274 997 3359 quidem
1021 3274 1175 3358 sapientia
1201 3276 1263 3336 Dei

313 3385 346 3444 et
374 3372 511 3450 bonitas,
540 3395 614 3457 quae
642 3373 738 3437 rebus
766 3372 914 3437 omnibus
949 3373 1103 3458 originem
1131 3373 1266 3458 praebet,

314 3487 430 3539 natura
453 3474 627 3538 rectissime
652 3476 850 3561 appellatur:
890 3489 999 3539 contra
1025 3498 1122 3561 quam
1154 3474 1265 3560 utique

317 3574 396 3637 nihil
421 3574 469 3650 fit,
482 3574 567 3659 ,quia
590 3575 827 3661 dispositionem
851 3578 913 3641 Dei
937 3576 1016 3640 nihil
1042 3589 1186 3655 evacuat,
1209 3590 1265 3641 aut

316 3697 427 3738 causas
441 3698 515 3760 quae
537 3675 569 3737 in
594 3692 699 3740 mente
719 3677 815 3750 illius,
833 3678 889 3763 qui
904 3678 979 3743 lecit
1001 3672 1097 3744 soelos
1118 3680 1151 3741 in
1174 3678 1267 3742 intel-

317 3776 413 3854 lectu,
429 3777 470 3840 ab
485 3789 605 3841 aeterno
618 3779 841 3858 constiterunt,
856 3802 914 3843 suo
928 3780 1033 3866 privat
1049 3782 1175 3845 effectu.
1214 3781 1268 3843 In-

316 3893 393 3942 sunt
421 3876 531 3963 itaque
563 3880 670 3959 rebuS,
700 3880 864 3945 seminales
892 3893 1063 3947 eventuum
1092 3904 1207 3961 causae,
1236 3894 1268 3945 et

318 3978 499 4064 originariae
514 3982 662 4060 rationes,
673 4004 747 4065 quae
762 3982 977 4066 praeordinato
992 3995 1132 4069 tempore
1147 3983 1179 4047 in
1196 4005 1270 4047 suos

317 4080 496 4165 procedunt
510 4080 653 4159 effectus,
669 4106 707 4146 ex
724 4107 762 4147 eo
776 4084 907 4169 quidem
923 4086 1094 4162 mirabiles,
1103 4110 1166 4151 non
1183 4086 1269 4173 quod

319 4181 431 4253 nullas,
448 4182 503 4246 sed
519 4183 604 4267 quod
619 4185 847 4249 occultissimas
863 4187 999 4251 habeant
1015 4190 1161 4253 rationes.
1197 4192 1269 4252 Hu-

322 4302 391 4343 mor
405 4282 564 4368 siquidem
579 4284 619 4349 de
634 4286 754 4351 intimis
770 4301 863 4352 terrae
873 4289 1057 4366 visceribus,
1069 4291 1108 4353 ab
1121 4291 1270 4355 arborum
