3425 5367
452 746 470 801 ⁴
710 754 845 803 JOANNIS
861 757 1142 805 sanesnunlunsls

457 906 510 973 Sic
525 907 621 993 igitur
636 929 736 993 nugas
750 930 888 994 sparges,
904 930 945 972 ne
962 908 1059 973 toedia
1072 909 1217 993 gignant,

497 1011 582 1087 Qum
597 1010 691 1077 rebus
706 1010 788 1076 loetis
803 1021 877 1076 sunt
891 1010 1022 1075 inimica
1036 1010 1140 1078 nimis.

457 1112 491 1179 Si
501 1113 596 1199 jubet
612 1124 648 1179 ut
662 1134 761 1197 nugas
776 1112 886 1197 agites,
903 1134 1023 1197 nugare
1038 1112 1210 1179 decenter:

501 1216 584 1281 Nam
600 1215 660 1281 sibi
675 1237 732 1301 per
747 1237 847 1299 nugas
862 1214 944 1279 seria
957 1214 1067 1279 credet
1080 1215 1143 1299 agi.

457 1316 600 1383 Utilibus
614 1338 725 1401 nugas,
742 1316 787 1381 sic
801 1328 891 1402 aptes
906 1315 988 1379 seria
1001 1315 1095 1397 ludis,

500 1419 548 1483 Ut
563 1418 621 1483 tibi
636 1416 676 1483 sit
689 1416 834 1503 gravium
849 1415 939 1480 nulla
953 1416 1097 1481 timenda
1111 1437 1233 1480 manus.

458 1520 492 1587 Si
502 1521 598 1607 jubet
611 1530 648 1585 ut
661 1529 778 1597 taceas,
793 1529 898 1583 statua
912 1518 1097 1583 taciturnior
1111 1531 1189 1591 esto.

501 1621 570 1687 Nec
586 1621 723 1687 redimas
738 1619 834 1705 signis
849 1619 947 1685 verba
962 1631 1078 1705 negata
1093 1620 1163 1685 tibi.

457 1728 562 1805 Quum
579 1723 710 1789 satiatus
724 1722 796 1801 erit,
813 1722 863 1787 vel
878 1744 978 1807 quum
994 1723 1116 1806 majora
1131 1723 1306 1798 vocabunt,

499 1824 567 1893 Ore
581 1822 758 1887 conductus
772 1821 868 1885 detur
882 1833 918 1884 ut
932 1820 1007 1885 inde
1022 1822 1091 1885 tibi.

456 1924 471 1989 1
488 1923 580 2001 citus,
596 1933 691 2009 atque
707 1921 794 1998 redi3
817 1943 857 1985 ne
873 1942 1009 2007 quorum
1026 1943 1155 2007 carpere
1170 1943 1272 2006 nugae

499 2026 605 2089 Ausus
620 2046 664 2103 es,
680 2023 828 2107 infligant
843 2023 918 2097 tela,
935 2045 1114 2110 necemque
1131 2035 1254 2109 parent.

458 2128 570 2193 Unum
585 2124 751 2191 discedens
766 2138 889 2189 secreta
903 2126 1009 2211 profer
1023 2125 1057 2189 in
1072 2148 1167 2190 aure:

499 2226 661 2315 Quicquid
676 2238 772 2313 agant
786 2226 850 2303 alii,
868 2238 904 2291 tu
919 2238 1125 2292 memoresto
1140 2228 1198 2292 tui.

457 2331 604 2419 Quaeque
620 2352 694 2395 caro
709 2328 842 2411 ioennm,
857 2330 915 2393 flos
929 2328 1017 2407 foeni,
1033 2328 1135 2414 gloria
1149 2331 1263 2412 camis,

499 2433 582 2497 Haec
597 2432 676 2497 nihil
691 2444 757 2501 est:
781 2430 881 2495 nihilo
896 2431 972 2517 quid
989 2432 1095 2497 minus
1110 2455 1178 2498 esse
1192 2445 1305 2519 potest.

457 2534 597 2601 Munera
612 2534 759 2613 fortune,
776 2534 893 2599 viscata
908 2544 985 2620 puta
999 2534 1148 2599 vitiorum

502 2636 644 2717 Semina,
661 2648 735 2701 sunt
750 2636 907 2703 scelerum
923 2637 1053 2723 pabula,
1070 2639 1181 2704 mortis
1195 2639 1267 2704 iter.

457 2740 541 2807 Sunt
555 2738 673 2827 laquei,
690 2749 764 2803 sunt
779 2738 915 2816 insidia,
930 2750 1005 2803 sunt
1019 2739 1123 2804 toxica
1136 2741 1257 2819 mortis,

499 2846 602 2923 Quam
618 2864 682 2908 non
698 2842 863 2929 effugient,
879 2864 959 2930 quos
973 2843 1035 2907 dea
1050 2865 1136 2907 caeca
1151 2843 1237 2909 colit.

457 2945 553 3021 Quod
568 2945 695 3011 fortune
709 2944 810 3023 dedit,
826 2955 860 3008 et
875 2944 961 3030 quod
976 2945 1076 3020 dabit,
1092 2956 1141 3008 eet
1155 2945 1307 3022 alienum,

500 3045 637 3109 Auferet
649 3044 710 3107 hoc
724 3054 839 3123 toturn,
853 3065 954 3128 quum
970 3043 1056 3108 volet
1070 3044 1135 3120 illa,
1151 3045 1222 3108 tibi.

458 3144 554 3211 Retia
567 3143 714 3231 pennatis
729 3156 896 3231 nequeunt
910 3143 1044 3229 praevisa
1058 3165 1184 3219 nocere,

499 3245 553 3311 Tu
569 3265 771 3333 quaecunque
786 3243 885 3321 vides,
903 3242 983 3309 retia
998 3242 1114 3307 mentis
1129 3242 1223 3309 habe.

459 3348 555 3415 Retia
569 3357 642 3415 sunt
657 3368 859 3435 quaecunque
874 3346 973 3423 vides,
988 3345 1217 3432 hominemque
1232 3344 1366 3430 ligatum

502 3452 554 3517 Ad
569 3450 717 3517 miseram
734 3462 869 3513 mortem
886 3471 945 3535 per
958 3448 1045 3512 mala
1059 3470 1197 3535 quasque
1211 3448 1352 3514 trahunt.

459 3553 616 3630 Forsitan,
632 3551 718 3616 unde
734 3551 793 3615 tibi
809 3550 905 3615 datur
918 3549 989 3614 heac
1004 3550 1163 3614 audacia?
1184 3562 1319 3639 quaeret,

501 3652 599 3719 Dices
613 3650 659 3715 nil
674 3661 830 3727 metuens,
846 3650 955 3715 omnia
968 3662 1056 3714 tutus
1070 3650 1146 3735 agit.

459 3754 579 3823 Omnia
593 3763 681 3819 tutus
696 3752 772 3837 agit,
787 3774 884 3839 quem
900 3774 961 3817 uec
975 3774 1059 3838 spes,
1073 3774 1134 3817 nec
1148 3752 1245 3816 timor
1257 3750 1357 3834 angit,

502 3856 564 3923 Cui
578 3855 664 3921 mala
677 3854 766 3919 nulla
780 3855 919 3941 placent,
934 3854 1043 3919 omnia
1056 3867 1144 3919 tutus
1158 3854 1234 3939 agit.

458 3960 603 4045 Hispana
617 3957 753 4033 rediens,
768 3968 825 4021 aut
841 3956 995 4021 Vasconis
1009 3968 1101 4021 utere
1114 3956 1237 4041 lingna,

501 4061 567 4127 Sed
581 4073 689 4125 tamen
705 4059 737 4122 in
753 4057 851 4123 verbo
866 4056 939 4143 plus
951 4057 1115 4141 gravitatis
1128 4058 1222 4123 habe.

459 4165 563 4231 lndue
578 4162 622 4228 sic
636 4162 790 4247 linguam,
805 4160 850 4225 sic
865 4172 969 4224 vestes
983 4159 1082 4225 indue
1096 4160 1211 4245 gentis,

501 4264 596 4331 Salva
610 4264 650 4328 ait
664 4276 701 4327 ut
715 4283 840 4327 morum
855 4261 976 4345 regula,
991 4261 1079 4326 salva
1092 4262 1184 4325 fides.

457 4365 601 4437 Pendeat
616 4386 656 4427 ex
670 4362 811 4427 humeris
826 4384 904 4427 crux
922 4383 1026 4441 aenea,
1041 4362 1082 4427 sit
1097 4384 1190 4427 coma
1203 4371 1297 4439 tetra,
