3425 5367
285 736 355 782 cae.
372 717 433 798 rm]
636 732 891 779 mercnarrcns.
1175 721 1237 779 2⁷3

284 887 435 964 domitor,
446 884 612 964 Hercules,
623 883 681 970 qui
691 906 730 948 eo
743 884 854 970 ipsoin
871 907 903 948 se
913 884 936 947 J
937 904 1026 947 ovem
1041 894 1234 969 protestatus

284 1000 345 1064 est,
359 986 446 1073 quod
460 1007 582 1071 angues
600 984 765 1072 jugulavit
784 983 816 1048 in
837 984 938 1049 cuuis.
982 986 1049 1049 Aut
1069 981 1182 1063 officio,
1198 996 1234 1047 ut

285 1089 461 1175 pontifices,
475 1086 705 1173 praefectosque
728 1108 899 1152 sacrorum.
945 1090 1012 1151 Aut
1032 1084 1184 1163 moribus,
1200 1097 1237 1148 ut

284 1188 502 1276 philosophos,
511 1188 570 1275 qui
581 1186 695 1252 mentis
703 1187 821 1252 dirinoe
832 1186 983 1253 haustum
992 1186 1236 1271 investigatione

282 1301 316 1357 et
328 1290 562 1378 dispensatione
581 1288 744 1375 sapientia
763 1288 916 1356 indicant.
960 1292 1025 1355 Aut
1044 1288 1237 1364 conditione,

284 1403 322 1456 ut
345 1414 429 1478 qnos
447 1391 537 1455 saror
557 1388 697 1455 numinis
711 1388 839 1467 extulit,
855 1402 891 1455 ut
912 1387 981 1453 aliis
1000 1400 1182 1473 praeessent,
1198 1410 1237 1451 ex

287 1514 384 1559 causa
397 1492 506 1579 potius
520 1490 679 1569 familiari,
693 1512 789 1577 quam
812 1489 916 1554 officio
937 1490 1078 1578 publico.
1127 1491 1239 1556 Sermo

287 1592 418 1680 quidem
445 1592 590 1679 perfidus
613 1604 672 1671 est,
697 1605 729 1656 et
752 1591 839 1655 omni
866 1590 1086 1677 reprobatione
1111 1591 1239 1676 dignus,

287 1717 462 1781 sensusque
490 1693 674 1771 verborum,
700 1692 757 1780 qui
787 1692 1018 1778 Philosophum
1047 1714 1108 1758 uon
1139 1695 1240 1760 decet.

289 1795 353 1861 Sed
366 1795 451 1861 forte
464 1796 546 1882 quid
561 1795 602 1861 de
617 1808 733 1861 natura
746 1795 886 1860 Deorum
903 1795 1044 1873 sentiret,
1060 1795 1092 1859 in
1108 1796 1241 1861 auribus

287 1897 431 1984 corrupti
457 1896 569 1983 populi
594 1896 743 1983 proloqui
771 1918 834 1961 non
861 1896 1012 1974 audebat,
1039 1896 1095 1983 qui
1122 1897 1241 1983 legerat

287 1998 474 2064 combustos
484 2020 551 2063 esse
563 1997 661 2062 libros
673 1996 859 2083 Philosophi
873 1997 1078 2083 Pythagorae,
1088 2012 1119 2063 et
1135 1998 1240 2085 ipsum

288 2111 396 2166 actum
425 2122 493 2164 esse
521 2098 712 2163 inexilium
741 2098 784 2165 ab
808 2098 1067 2177 Atheniensibus,
1091 2123 1129 2163 eo
1154 2100 1241 2187 quod

287 2199 504 2277 dubitaverat,
519 2222 560 2264 an
580 2199 621 2265 de
642 2199 703 2265 diis
719 2222 793 2263 vera
814 2213 929 2278 essent,
944 2222 1017 2285 quae
1039 2199 1137 2286 vulgo
1159 2201 1243 2267 dice·

287 2300 417 2369 untur.
462 2300 549 2379 Quid
570 2324 648 2388 ergo
661 2301 854 2366 contrarium
877 2299 1008 2367 auderet
1023 2324 1170 2384 asserere,
1184 2304 1241 2392 qui

288 2424 346 2467 nec
367 2402 468 2488 ipsam
483 2401 717 2467 dubitationem
739 2402 855 2465 erroris
875 2413 1007 2466 noverat
1029 2400 1241 2488 impunitam?

289 2516 336 2568 est
348 2502 458 2589 itaque
473 2501 644 2567 verisimile
655 2500 743 2586 quod
755 2524 874 2566 morem
886 2501 1089 2568 auditoribus
1099 2506 1244 2589 gesserit,

289 2616 321 2669 et
338 2616 375 2669 nt
385 2626 440 2667 eos
449 2604 491 2669 ab
505 2602 624 2669 illicitis
634 2616 807 2679 revocaret,
818 2602 942 2691 aliquid
954 2602 1121 2669 indulsisse
1132 2608 1242 2672 errori.

291 2706 375 2770 Nam
390 2705 424 2769 in
439 2704 585 2771 doctrina
598 2726 733 2781 morum,
750 2702 1019 2771 luculentissimus
1033 2718 1090 2771 est.
1130 2709 1243 2797 quue

290 2805 367 2871 huic
380 2805 522 2892 opinioni
536 2805 662 2871 facilius
680 2805 856 2892 acquiesco,
871 2803 959 2891 quod
975 2810 1147 2891 Apostolus
1167 2832 1244 2895 gen.

291 2907 461 2987 tium-lide
475 2922 581 2973 tamen
596 2918 629 2971 et
640 2905 791 2991 religione
805 2906 969 2985 incolumi,
979 2907 1128 2973 omnibus
1138 2913 1245 2977 omnia

290 3008 396 3074 factus
409 3024 469 3088 est,
484 3020 522 3074 ut
540 3030 649 3073 omnes
664 3008 875 3075 lucrifaceret.
922 3012 989 3074 Nos
1003 3022 1110 3075 autem
1125 3011 1244 3098 quibus

291 3110 333 3175 de
354 3110 437 3177 coelo
458 3111 575 3175 veritas
596 3110 716 3187 illuxit,
731 3133 794 3175 non
816 3110 963 3189 deorum,
979 3111 1034 3195 qni
1057 3111 1136 3177 nulli
1158 3130 1244 3189 suut,

291 3212 345 3277 sed
362 3213 429 3277 veri
441 3212 505 3277 Dei
519 3212 682 3291 ministris,
696 3226 729 3277 et
744 3212 864 3291 amicis,
874 3236 1020 3299 magnam
1037 3218 1244 3283 reverentiam

291 3314 451 3379 credimus
465 3312 700 3395 exhibendam3
723 3313 778 3378 sed
792 3328 825 3380 et
839 3314 975 3379 inimicis
989 3316 1016 3401 ej
1022 3338 1058 3379 us
1072 3315 1244 3395 interdum,

292 3416 443 3502 quonism
465 3414 526 3479 hoc
547 3414 616 3501 ipse
637 3416 803 3502 pracepit,
824 3416 883 3503 qui
904 3438 988 3503 saepe
1012 3416 1180 3483 maximam
1204 3419 1245 3483 ad

292 3515 503 3581 eruditionem
519 3537 663 3597 suorum,
677 3516 822 3603 pessimis
836 3516 1019 3581 hominihus
1041 3518 1175 3585 contulit
1192 3544 1246 3607 po·

292 3629 451 3683 testatem.
488 3617 585 3685 Unde
599 3617 698 3683 illud:
721 3619 866 3705 Subjecti
881 3631 981 3684 estote
997 3620 1084 3683 omni
1098 3621 1247 3688 humanae

293 3731 451 3783 crsatsrrse
466 3732 598 3805 propter
618 3724 736 3798 Deum,
751 3724 821 3787 sive
843 3721 921 3807 regi,
936 3722 1026 3808 quasi
1043 3724 1248 3809 praecellenti,

295 3816 360 3882 sive
382 3817 532 3899 ducibus,
558 3833 711 3907 tanquam
737 3822 779 3885 ab
808 3845 847 3885 eo
875 3821 978 3885 missis
1006 3822 1047 3885 ad
1075 3822 1246 3889 vindictam

294 3919 545 4001 malefactorum,
556 3920 683 3987 laudern
694 3922 947 3987 verobonorum.
978 3922 1022 3987 Et
1035 3922 1130 3987 illud:
1157 3924 1247 3991 Servi

294 4020 416 4086 subditi
437 4035 539 4087 estote
560 4022 708 4087 Domims
729 4022 853 4101 vestris,
867 4044 929 4085 non
950 4032 1075 4087 tantum
1100 4024 1191 4089 bonis
1214 4042 1246 4093 et

294 4120 457 4201 modestis,
468 4124 523 4189 sed
538 4124 633 4189 etiam
644 4124 794 4213 dyscolis.
824 4123 925 4189 Amici
939 4124 1067 4209 quidem
1082 4126 1163 4193 fiunt
1175 4130 1247 4211 Dei,

294 4235 352 4289 sut
359 4224 474 4309 gratis,
484 4227 682 4293 cessantibus
694 4225 824 4308 meritis,
834 4238 872 4290 ut
884 4226 1072 4307 Hieremias,
1083 4242 1113 4295 et
1124 4230 1147 4293 J
1148 4231 1248 4297 ohan·

296 4346 351 4389 nes
367 4326 552 4393 sanctificati
568 4342 739 4415 antequam
760 4328 838 4407 nati,
853 4338 885 4391 ct
906 4348 1031 4411 gemma
1050 4332 1247 4397 sacerdotum

338 4446 410 4491 vos.
426 4447 477 4493 111.
762 4451 783 4495 r
