3425 5367
324 699 395 746 crs.
410 682 506 762 xv11.]
568 684 572 691 '
696 698 950 744 eonvonnrrcus.
1212 686 1276 744 333

326 852 439 915 bitarit
453 862 558 915 antem
574 852 608 915 in
623 861 783 935 portarum
799 849 975 926 vestibulis,
990 857 1023 913 ct
1041 849 1076 911 in
1101 849 1276 931 porticibus

327 952 502 1025 civitatum,
532 974 763 1038 usquequaque
793 949 948 1033 profitens
973 971 1091 1027 verum,
1117 961 1150 1013 et
1175 963 1276 1015 trans·

327 1054 469 1117 euntium
481 1056 616 1135 abigens
625 1065 680 1118 aut
689 1066 804 1117 notans
814 1052 899 1129 vitia,
909 1072 979 1135 quae
990 1072 1093 1115 mores
1102 1051 1276 1117 foedabnnt.

327 1155 499 1238 Quumque
514 1177 547 1219 se
562 1166 723 1238 torqueret
736 1155 770 1216 in
786 1153 883 1229 dolio,
898 1172 932 1215 se
955 1152 1086 1216 domum
1107 1155 1279 1219 volubilem

324 1253 442 1319 habere
459 1255 641 1338 jocabatur,
651 1264 683 1317 et
693 1275 728 1316 se
743 1274 816 1316 cum
831 1252 1031 1334 temporibus
1046 1253 1277 1317 immutantem.

325 1355 454 1437 Frigore
468 1356 554 1419 enim
577 1377 614 1419 os
638 1355 717 1418 dolii
741 1355 881 1417 vertebat
902 1353 936 1414 in
963 1352 1140 1429 meridiem,
1167 1365 1276 1419 aestate

325 1454 368 1517 ad
383 1456 651 1538 septentrionem
676 1466 708 1518 et
727 1454 912 1535 ubicunque
937 1452 992 1515 Sol
1008 1474 1043 1515 se
1058 1453 1276 1531 inclinaverat,

325 1555 482 1637 Diogenis
496 1557 590 1619 simul
605 1556 786 1639 praetorium
802 1554 988 1617 vertebatur.
1037 1554 1184 1624 Quodam
1200 1576 1277 1635 vero

325 1665 479 1735 tempore,
495 1676 593 1737 quum
608 1655 642 1717 in
657 1676 748 1717 usum
764 1651 899 1736 potandi
914 1652 1048 1715 calicem
1064 1652 1204 1735 lignenm
1221 1676 1275 1736 ge·

325 1767 417 1835 reret,
440 1756 517 1819 vidit
541 1778 677 1840 puerum
702 1777 800 1818 manu
822 1775 965 1817 concava
991 1756 1113 1832 bibere,
1135 1766 1167 1819 et
1191 1758 1276 1821 elisit

325 1856 447 1919 eumin
468 1867 552 1921 terra
576 1857 708 1920 dicens:
753 1856 947 1918 Nesciebam
972 1855 1059 1938 quod
1084 1867 1197 1921 natura
1222 1858 1278 1921 ha-

325 1959 414 2021 beret
428 1959 590 2040 poculum.
638 1954 728 2020 Nihil
751 1978 892 2040 unquam
918 1954 959 2019 de
983 1957 1081 2019 animi
1103 1959 1205 2040 rigore
1231 1982 1278 2023 re-

326 2058 423 2135 misit,
437 2058 470 2120 in
486 2058 600 2122 eodem
628 2059 734 2121 vultus
762 2068 871 2120 tenore
898 2057 992 2119 etiam
1016 2057 1157 2122 adversis
1183 2061 1279 2125 inter·

325 2160 519 2243 pellentibus
539 2160 687 2244 perstitit,
709 2169 742 2222 et
762 2169 798 2222 ut
818 2160 914 2243 plene
935 2158 1134 2223 Socraticum
1157 2184 1280 2241 nosses,

326 2263 457 2326 calcatis
468 2263 648 2327 turbinibus
669 2260 882 2337 fortuitorum,
893 2260 1034 2324 adversis
1048 2283 1175 2327 omnem
1191 2265 1279 2328 dolo-

325 2386 390 2427 rem
405 2375 436 2426 et
451 2365 624 2439 miseriam,
640 2364 790 2426 uniformi
806 2363 932 2427 duravit
959 2366 1134 2445 proposito.
1179 2366 1276 2432 Dice·

324 2465 382 2527 but
407 2464 493 2526 enim
516 2464 586 2527 haec
610 2484 777 2546 sempera
799 2463 997 2546 Philosopho
1023 2464 1138 2539 aliena,
1161 2478 1193 2531 et
1213 2468 1272 2531 im·

326 2575 434 2647 potem
449 2564 498 2627 sui
513 2564 667 2642 animum,
680 2565 714 2627 in
730 2585 825 2647 quem
847 2564 980 2627 fortunae
1004 2565 1168 2647 quippiam
1188 2569 1273 2633 licet.

324 2664 482 2727 Virtutem
496 2665 566 2748 ejus
581 2676 614 2729 et
627 2665 868 2743 continentiam,
883 2684 967 2727 mors
988 2685 1118 2747 quoque
1141 2666 1273 2735 indicat.

327 2766 412 2827 Nam
436 2786 534 2849 quum
556 2766 597 2829 ad
619 2786 755 2846 agonem
775 2764 991 2849 Olympicum,
1013 2766 1068 2848 qui
1084 2788 1201 2849 magna
1214 2769 1275 2833 fre-

327 2867 457 2950 quentia
477 2866 512 2930 in
531 2868 660 2931 Graecia
679 2868 909 2943 celebrabatur,
918 2865 985 2950 jam
1007 2887 1107 2929 senex
1130 2882 1274 2952 pergeret

323 2966 405 3031 febri
431 2968 464 3031 in
487 2968 600 3031 itinere
622 2968 852 3051 apprehensus,
875 2968 1030 3031 occubuit
1055 2969 1088 3031 in
1112 2970 1277 3055 crepidine

324 3070 393 3133 viae.
434 3071 626 3134 Veientibus
641 3080 747 3133 autem
762 3069 886 3144 amicis,
900 3079 955 3131 aut
970 3068 1002 3131 in
1012 3069 1205 3153 jumentum,
1221 3088 1277 3139 aut

322 3171 358 3233 in
374 3169 555 3233 vehiculum
570 3171 692 3246 tollere,
706 3190 773 3233 non
795 3169 965 3253 acquievit,
980 3169 1038 3233 sed
1063 3172 1220 3237 transiens
1234 3176 1277 3239 ad

324 3270 445 3335 arboris
459 3272 614 3346 umbram,
628 3271 690 3333 ait:
716 3270 811 3333 Abite
826 3290 947 3352 quaeso,
963 3278 996 3333 et
1010 3282 1188 3351 spectatum
1204 3296 1276 3357 per-

323 3372 398 3453 gite.
415 3374 511 3435 -Haec
527 3394 596 3435 nox
610 3382 666 3435 aut
676 3392 728 3434 mc
740 3372 894 3435 victorem
908 3371 1068 3453 probabit,
1080 3382 1134 3435 aut
1145 3374 1275 3440 victum.

323 3475 358 3537 Si
374 3476 494 3537 febrem
511 3474 627 3551 vicero,
643 3473 685 3537 ad
700 3494 837 3554 agonem
863 3473 1009 3545 veniam;
1026 3473 1053 3535 si
1078 3494 1130 3537 me
1156 3476 1276 3555 vicerit,

325 3575 367 3637 ad
381 3574 504 3638 inferna
518 3574 722 3639 descendam.
758 3575 875 3658 Ibique
890 3582 1090 3657 pernoctem
1110 3575 1190 3639 eliso
1206 3588 1278 3661 gut·

322 3684 404 3751 ture,
417 3696 484 3739 non
497 3685 564 3738 tam
587 3676 668 3739 mori
684 3696 718 3739 se
742 3673 799 3749 ait,
824 3694 922 3758 quum
950 3674 1072 3737 febrem
1098 3686 1197 3740 morte
1218 3699 1276 3743 ex·

324 3774 462 3838 cludere.
507 3774 675 3857 Deceptus
690 3775 843 3857 opinione
860 3774 995 3837 virorum
1012 3774 1138 3837 fortium
1164 3786 1197 3839 et
1219 3799 1277 3843 ex·

324 3876 442 3959 emplo,
456 3874 490 3939 in
515 3886 667 3939 extrema
693 3875 888 3939 difficultatis
914 3874 1060 3952 articulo,
1083 3895 1125 3936 ne
1149 3876 1278 3943 aliunde

323 3976 499 4055 inferretur,
523 3988 656 4039 mortem
682 3977 859 4039 ultroneam
886 3974 1021 4039 credidit
1050 3978 1275 4059 appetendam.

323 4074 538 4159 Prejudicate
559 4074 717 4159 siquidem
741 4074 853 4157 opinio
879 4072 1123 4159 sapientioribus
1145 4098 1275 4161 persua·

324 4186 407 4239 serat
429 4175 464 4239 in
494 4196 674 4253 commune,
699 4186 736 4239 ut
763 4186 896 4239 mortem
927 4196 1101 4259 provocare
1130 4180 1274 4261 mallent,

323 4296 420 4359 quam
441 4286 532 4360 turpe
555 4276 677 4361 aliquid
700 4277 865 4341 sustinere.
911 4278 1000 4341 Fecit
1025 4278 1085 4343 boc
1113 4279 1207 4361 Cato,
1229 4283 1274 4345 fe·
