3425 5367
272 766 346 813 car.
361 750 424 830 ru]
644 766 899 813 ronrcaarrcus.
1160 754 1222 813 307

270 916 396 984 rationi.
443 916 491 983 Ut
506 918 592 984 enim
605 921 651 983 ait
667 917 851 1004 Sapientia:
882 921 965 991 Quae
980 918 1224 982 communicatio

269 1031 378 1084 sancto
392 1018 511 1084 homini
526 1020 569 1085 ad
583 1042 705 1099 canem,
719 1030 777 1083 aut
793 1018 857 1083 luci
873 1018 913 1084 ad
930 1019 1096 1084 tenebras?
1120 1021 1222 1083 Omne

265 1120 381 1185 animal
402 1121 510 1207 diligit
532 1122 593 1187 sibi
615 1120 728 1199 simile,
745 1138 778 1186 et
798 1120 900 1184 omnis
924 1120 1019 1184 homo
1038 1120 1221 1206 proximum

267 1242 374 1289 auum.
421 1223 533 1288 Omnis
553 1246 627 1288 caro
648 1224 689 1287 ad
710 1222 842 1287 similem
867 1220 926 1286 sibi
950 1223 1166 1309 conjungitur,
1189 1236 1221 1287 et

265 1325 369 1389 omnis
394 1325 490 1388 homo
515 1324 687 1390 sociabitur
712 1323 804 1388 simili
833 1322 905 1387 sibi.
957 1324 991 1389 Si
1018 1324 1114 1409 lupus
1139 1346 1223 1410 agno

270 1422 444 1511 aliquando
459 1425 718 1504 communicavit,
733 1425 778 1488 sic
792 1434 939 1508 peccator
949 1423 1050 1507 justo.

267 1618 346 1703 Cap.
368 1623 416 1683 11.
443 1619 496 1682 Da
518 1621 631 1698 oculta,
653 1619 802 1695 curibus,
824 1626 856 1683 ct
879 1620 995 1701 lingua
1015 1626 1222 1702 potestatum,

310 1727 344 1784 et
372 1721 413 1784 de
440 1722 538 1809 officio
564 1723 725 1804 presidia,
755 1732 787 1786 et
816 1722 901 1804 quad
929 1724 1073 1803 judicem
1102 1730 1224 1805 oportet

310 1824 425 1886 tulare
435 1826 530 1904 juria
549 1830 581 1888 ct
601 1826 686 1905 aqut
701 1825 863 1899 notitiam,
880 1826 1071 1888 uoluntatem
1088 1824 1172 1903 bont,
1194 1833 1225 1889 et

308 1931 496 2007 potestatam
510 1925 698 2008 arcquendt,
714 1934 746 1989 et
760 1926 845 2008 quod
853 1929 1044 2011 juramento
1058 1927 1145 1991 debet
1159 1948 1225 1991 esec

311 2028 468 2109 alligatur
480 2028 614 2109 legibue,
628 2036 660 2091 ct
675 2048 697 2090 a
712 2029 856 2093 cordibus
871 2048 1040 2093 muncrum
1056 2031 1194 2093 alienus.

314 2152 490 2223 Suuurrun
510 2150 690 2229 oculorum,
712 2152 848 2232 aurium,
871 2165 902 2217 et
928 2152 1060 2237 linguae,
1083 2152 1222 2231 collatio,

269 2276 367 2340 quam
381 2254 415 2318 in
430 2254 623 2341 praesidibus
640 2252 874 2339 provinciarum
891 2254 1061 2319 consistere
1077 2255 1223 2339 superius

270 2352 464 2421 dictumest.
510 2356 635 2419 Praesea
649 2354 751 2439 igitur
765 2366 814 2419 est
829 2354 887 2441 qui
907 2358 939 2419 in
957 2356 1034 2438 jure
1049 2354 1224 2431 reddendo,

268 2454 515 2541 provincialibus
537 2454 699 2541 praesidet.
746 2455 810 2519 Hic
830 2468 938 2521 autern
956 2455 1041 2541 aequi
1063 2467 1095 2520 et
1119 2456 1225 2541 iniqui

271 2554 366 2619 debet
396 2554 513 2618 habere
542 2554 703 2630 notitiam,
732 2568 764 2619 et
793 2554 991 2633 facultatem,
1020 2568 1053 2620 et
1082 2558 1223 2621 anirnum

270 2656 351 2741 ejus,
366 2654 453 2740 quod
465 2656 590 2741 justum
606 2666 666 2731 est,
682 2654 873 2740 exequendi.
911 2656 993 2719 Nam
1010 2654 1090 2721 sicut
1103 2657 1225 2721 medico

270 2769 404 2822 eventus
423 2756 626 2821 mortalitatis
646 2757 799 2842 imputari
820 2780 882 2821 non
904 2756 1011 2835 debet,
1032 2756 1077 2821 ita
1097 2758 1122 2822 si
1144 2758 1224 2845 quid

271 2857 362 2921 triste
384 2876 442 2941 per
462 2854 655 2943 imperitiam
677 2856 747 2941 ejus
768 2858 949 2942 contigerit,
971 2857 1000 2921 ei
1026 2856 1139 2922 merito
1164 2858 1223 2923 im-

271 2968 416 3044 putatur.
463 2957 557 3035 Quod
581 2960 608 3022 ai
628 2958 730 3038 novit,
749 2970 781 3023 et
801 2980 864 3022 non
885 2958 967 3037 vult,
984 2981 1046 3023 non
1069 2982 1109 3023 ex
1132 2961 1224 3043 igno-

272 3058 388 3138 rantia,
403 3058 458 3123 sed
473 3082 513 3124 ex
531 3058 655 3123 malitia
674 3059 911 3125 condemnatur.
958 3060 1047 3125 Fmis
1066 3062 1112 3147 siq
1119 3060 1224 3125 uidem

272 3160 440 3242 utriusque
455 3160 618 3227 damnatio
629 3176 691 3227 eat:
714 3161 786 3227 licet
800 3162 902 3247 ignari
915 3162 1026 3227 mitius
1037 3163 1223 3247 puniantur,

271 3261 333 3329 nisi
348 3262 432 3329 forte
446 3263 656 3349 ignorantiam
669 3262 863 3349 negligentia
875 3264 1102 3349 procuraverit.
1139 3268 1170 3328 N
1172 3286 1223 3327 cnr

272 3366 300 3431 si
322 3364 503 3453 ignorantia
524 3364 714 3430 invincibilis
735 3379 794 3441 est,
810 3388 873 3430 non
896 3366 987 3430 all'ert
1007 3379 1152 3442 mortem,
1169 3364 1224 3430 aed

271 3465 313 3531 ab
334 3464 450 3531 innatis
471 3464 610 3531 tenebris
630 3483 814 3530 excusatur.
862 3466 895 3528 Si
916 3488 988 3529 vero
1006 3466 1076 3541 scit,
1099 3479 1132 3531 et
1152 3464 1223 3531 vult

272 3565 420 3653 aequitati
446 3566 575 3642 servire,
599 3588 656 3629 nec
682 3577 799 3652 potest,
823 3588 886 3629 non
914 3578 978 3630 tam
1005 3566 1150 3651 praesidis
1176 3582 1223 3633 est

270 3666 378 3753 culpa,
405 3688 501 3753 quarn
528 3666 691 3753 principis.
738 3668 800 3731 Sed
826 3666 867 3732 ad
898 3668 1080 3753 religionem
1105 3666 1224 3755 judicis
1314 3687 1320 3701 ·

271 3766 342 3831 baec
363 3766 473 3831 eadem
496 3770 664 3853 pertinere,
678 3768 889 3833 certissimum
910 3782 967 3848 est,
991 3790 1091 3853 quum
1118 3770 1222 3855 ipsum

266 3868 352 3955 juria
366 3880 511 3955 oporteat
527 3868 643 3933 habere
658 3870 815 3947 notitiam,
831 3870 1028 3933 voluntatem
1040 3870 1127 3949 boni,
1144 3870 1224 3934 vires

271 3970 463 4056 exequendi,
488 3985 520 4035 et
546 3984 741 4035 sacramento
767 3968 882 4034 debeat
907 3991 973 4033 esse
996 3968 1119 4057 legibus
1144 3970 1223 4035 obli·

271 4084 386 4159 gatus3
419 4086 455 4137 ut
481 4072 541 4137 sibi
563 4072 693 4137 omuino
717 4070 864 4135 illicitum
891 4070 1025 4151 noverit,
1047 4072 1088 4137 ab
1111 4096 1219 4137 earum

273 4174 451 4239 sinceritate
466 4174 632 4239 divertere.
665 4174 748 4237 Nam
760 4172 801 4237 de
812 4172 966 4259 sapientia
981 4174 1059 4259 ejus,
1071 4174 1224 4261 sapientia

274 4274 380 4341 docet.
435 4275 559 4354 «ludex,
586 4275 694 4362 inquit
723 4275 860 4360 sapiens,
885 4274 1045 4361 judicabit
1069 4276 1225 4363 populum

274 4398 382 4457 suum,
395 4390 427 4442 et
443 4377 641 4463 principatus
657 4376 773 4441 sensati
789 4374 911 4441 stabilis
926 4378 995 4441 erit.
1042 4379 1222 4443 Secundum

743 4484 801 4541 rt
