3425 5367
282 748 352 794 cnr.
368 731 467 806 svin]
618 742 874 789 nonrcnsrrcos.
1175 728 1237 787 387

282 901 432 983 pretium,
456 900 552 964 etiam
579 909 657 961 aetas
686 898 784 961 altera
807 895 924 973 sordet,
946 894 993 959 sic
1019 892 1172 975 diligitur,
1200 906 1234 957 ut

282 999 359 1063 dnm
389 1000 579 1063 innocenter
607 998 707 1062 teneri
737 1006 854 1080 potest,
883 995 1004 1059 nullius
1038 995 1234 1059 difficultatis

280 1102 420 1167 irruente
443 1101 576 1165 articulo
597 1100 803 1183 propellatur.
850 1098 905 1161 Sic
927 1118 1002 1179 ergo
1018 1096 1173 1161 servanda
1188 1106 1235 1160 est

282 1204 356 1281 vita,
370 1215 407 1268 ut
421 1205 463 1269 sit
476 1203 673 1285 contemptui
686 1224 695 1278 ;
718 1202 765 1265 sic
781 1199 1018 1267 contemnenda
1037 1210 1095 1279 est,
1110 1210 1145 1263 ut
1161 1220 1234 1283 pro·

283 1306 373 1369 ficiat
383 1304 487 1369 saluti.
532 1302 596 1367 Sed
612 1303 685 1387 quis
700 1313 749 1366 est
770 1303 826 1386 qui
847 1301 945 1365 hodie
966 1308 1152 1365 contemnat
1170 1300 1236 1365 ani·

281 1426 378 1479 mam,
401 1426 500 1489 quum
530 1404 648 1480 nullus,
670 1418 725 1467 auc
751 1423 839 1465 rarus
868 1399 918 1480 sit,
940 1402 996 1485 qui
1025 1410 1093 1465 toto
1120 1401 1236 1465 mentis

284 1507 375 1571 hiatu
388 1505 558 1590 pecuniam
574 1525 640 1567 non
655 1502 885 1587 concupiscat?
920 1500 1062 1579 Quidni?

389 1622 478 1684 Ωιιιιιιι
488 1635 570 1687 genus
581 1624 609 1671 et
619 1616 727 1671 formam
739 1618 830 1686 regina
841 1619 951 1688 pecunie
963 1617 1050 1681 donet,

389 1705 432 1758 Ac
441 1705 509 1758 bene
519 1708 682 1757 nummatum
694 1703 800 1756 decoret
811 1702 920 1757 suadela
933 1704 1086 1773 Venusque,

286 1809 344 1895 qui
358 1809 449 1874 dives
468 1819 529 1885 est,
544 1811 601 1894 qni
620 1819 824 1893 prosperatur
843 1809 879 1871 in
899 1808 960 1873 viis
977 1808 1055 1886 suis,
1069 1806 1238 1891 sapienset

285 1912 364 1977 felix
383 1910 559 1996 judicatur.
604 1910 655 1975 Ad
679 1911 742 1973 hoc
765 1911 846 1975 alius
875 1931 1008 1975 uxorem
1035 1908 1135 1988 ducit,
1156 1909 1238 1973 alius

284 2010 426 2097 quinque
443 2010 525 2096 juga
545 2013 655 2089 boum,
676 2020 732 2073 aut
760 2011 870 2074 villam
896 2011 982 2087 emit,
1006 2018 1239 2073 commutantes

286 2113 410 2196 probis
424 2113 563 2178 enimam
578 2132 678 2175 suam.
723 2112 915 2195 Caecosque,
930 2122 962 2175 et
976 2110 1119 2189 claudos,
1133 2118 1166 2173 et
1180 2109 1235 2175 de·

285 2215 366 2281 biles
388 2223 548 2297 reputant,
570 2212 690 2296 quibus
711 2212 851 2277 mundus
880 2234 1083 2298 nequaquam
1110 2212 1237 2289 arridet,

285 2338 368 2401 quos
392 2326 500 2381 umen
526 2314 639 2397 ejectis
665 2312 818 2377 divitibus
845 2315 880 2376 in
906 2335 1031 2379 coenam
1061 2314 1240 2398 nuptialem

286 2418 443 2501 sapientia
479 2414 666 2491 introducit,
703 2414 760 2476 ubi
793 2414 990 2478 inebriantur
1022 2417 1063 2479 ab
1097 2417 1240 2479 ubertate

288 2518 404 2583 domus
427 2514 503 2595 Dei,
522 2526 555 2580 et
576 2524 716 2578 torrente
742 2516 914 2599 voluptatis
940 2526 1065 2581 aeternae
1090 2526 1241 2600 potantur

291 2619 390 2684 flecti.
435 2617 568 2683 Interim
584 2616 769 2701 quicunque
783 2636 848 2681 non
871 2617 970 2683 habet
987 2617 1113 2683 divitias
1128 2618 1244 2681 stultus

287 2731 346 2798 est,
365 2718 485 2797 asinus,
503 2718 614 2803 stipes,
635 2717 775 2797 caudex,
788 2719 970 2801 plumbum,
984 2730 1039 2783 aut
1057 2719 1083 2783 si
1100 2718 1176 2803 qnid
1191 2718 1241 2781 in·

287 2821 470 2885 sensibilius
483 2831 542 2885 est
587 2818 713 2885 Stultus
726 2840 802 2901 ergo
816 2819 976 2905 miserque
992 2828 1051 2897 est,
1066 2819 1093 2883 si
1108 2819 1181 2902 quis
1192 2832 1242 2885 est

289 2942 421 3005 pauper.
464 2921 528 2987 sed
543 2941 604 2986 nec
619 2920 717 2985 amari
732 2932 840 3005 potest
854 2923 895 2985 ab
910 2918 1029 3005 aliquo,
1046 2942 1141 3005 quem
1157 2923 1243 2985 mala

289 3022 415 3087 fortuna
428 3022 553 3107 premit,
569 3042 608 3083 eo
623 3018 712 3105 qnod

397 3135 480 3189 Nulla
488 3134 558 3190 fider
569 3152 682 3204 unquam
693 3136 802 3189 miseros
813 3135 896 3203 elegit
905 3137 1010 3199 amicos,

291 3250 325 3304 et
343 3242 431 3327 juste
452 3241 593 3306 creditur
618 3240 756 3325 quisque
780 3242 868 3305 mala
889 3242 980 3319 ferre,
1003 3264 1074 3327 quae
1096 3244 1243 3319 sustinet,

290 3339 436 3425 adeoque
455 3360 587 3424 regnam
607 3341 755 3423 pecnnia
774 3340 919 3418 invaluit,
937 3352 973 3405 ut
995 3341 1179 3427 desperetur
1201 3344 1243 3409 de

292 3439 358 3506 fide
364 3442 499 3526 judicis,
510 3442 566 3527 qni
579 3441 707 3526 repellit
719 3462 853 3507 munera
866 3443 1039 3508 offerentis.
1076 3441 1110 3509 Si
1122 3446 1244 3529 pacisci

291 3543 463 3621 detrectas,
477 3542 662 3629 pollicentis
676 3541 794 3608 videris
813 3544 921 3609 odisse
936 3566 1073 3611 causam.
1118 3547 1163 3611 Et
1182 3547 1244 3611 for·

292 3654 377 3709 tasse
391 3647 519 3725 affectu,
535 3646 585 3709 vel
604 3665 736 3709 munere
758 3666 828 3711 esse
843 3646 983 3711 crederis
999 3660 1246 3733 praecorruptus,

293 3746 523 3829 sipermanere
546 3746 593 3810 vis
615 3747 829 3831 incorruptus.
875 3748 1040 3813 Sententia
1060 3750 1110 3813 rel
1132 3750 1244 3834 opinio

290 3846 561 3930 Philosophorum
575 3848 706 3913 omnino
721 3850 861 3927 evanuit,
876 3849 953 3912 dum
974 3850 1021 3914 sic
1043 3870 1156 3914 omnes
1171 3864 1244 3934 post

291 3948 420 4013 divitias
441 3960 578 4025 currant,
599 3968 638 4012 ac
661 3949 689 4012 si
714 3949 794 4012 alibi
818 3949 963 4011 laborum
990 3949 1129 4033 requies,
1153 3948 1244 4014 dolo·

290 4071 424 4134 rumque
446 4049 595 4114 solatium
613 4050 749 4113 inveniri
769 4070 836 4113 non
857 4060 976 4133 posset,
997 4070 1035 4115 ac
1055 4050 1083 4113 si
1101 4051 1245 4135 naufragi

291 4150 332 4215 de
349 4149 510 4235 profundo
529 4160 649 4233 queant
663 4158 791 4215 enatare
805 4150 942 4227 facilius,
958 4150 985 4215 si
1006 4154 1163 4235 praegravi
1178 4174 1243 4218 sar·

290 4250 367 4314 cina
391 4248 512 4314 luerint
535 4249 691 4315 onerati·
721 4248 789 4315 Sed
815 4248 889 4335 quis
914 4271 1057 4335 unquam
1082 4254 1246 4319 ulcerosos

292 4353 404 4437 spinas
417 4352 590 4434 congessit,
601 4360 638 4416 ut
651 4352 812 4417 volutatus
823 4350 859 4415 in
870 4352 917 4417 eis
928 4352 1074 4437 quiescat
1084 4354 1245 4420 molliter?

339 4472 412 4520 vor..
428 4470 479 4517 nr.
765 4473 784 4515 z
