3425 5367
441 737 502 798 152
681 751 817 795 scaurus
832 749 1112 794 saussnumsusrs
1250 730 1335 809 [nin.
1351 749 1391 793 11.

440 924 589 977 errorem,
611 902 667 988 qui
689 901 730 964 ad
753 900 955 964 minuendam
978 899 1160 962 daemonum
1186 910 1390 984 potestatem,

441 1003 530 1068 etad
546 1001 798 1079 distrahendum,
814 1001 902 1088 quod
918 1002 1036 1066 habent
1050 1023 1124 1064 cum
1140 1000 1278 1074 bomine,
1299 1000 1393 1064 fami-

442 1103 588 1169 liaritatis
608 1104 831 1168 commercium
854 1102 994 1167 instituti
1015 1114 1102 1177 sunt,
1124 1115 1298 1188 carentque
1318 1123 1393 1186 pro-

441 1203 520 1289 priae
538 1203 665 1268 virtutis
683 1201 808 1281 effectu,
823 1202 881 1265 nisi
904 1202 936 1265 in
956 1201 1059 1285 digito
1079 1201 1141 1265 Dei
1161 1201 1391 1265 convalescant.

440 1308 541 1370 Porro
563 1305 694 1391 spiritus
716 1317 843 1368 sanctus
865 1304 1042 1389 disciplinae
1063 1303 1177 1385 effugit
1197 1303 1330 1375 fictum;
1356 1313 1390 1365 et

438 1429 555 1492 corpus
577 1408 715 1492 pcccatis
737 1406 914 1480 subditum,
937 1406 986 1468 sui
1008 1427 1075 1468 esse
1096 1404 1316 1469 habitaculum
1336 1403 1391 1466 de-

438 1505 599 1591 dignatur.
634 1506 795 1592 Quicquid
809 1530 884 1569 vero
898 1504 1082 1591 hujusmodi
1097 1517 1225 1590 agatur,
1239 1503 1389 1566 fictitium

438 1620 486 1671 est
505 1621 537 1671 et
558 1608 805 1694 phantasticum,
827 1621 859 1670 et
880 1606 1023 1670 veritatis
1044 1606 1255 1669 substantiam
1278 1603 1388 1666 nescit.

439 1710 576 1773 Videtur
589 1708 719 1795 quidem
735 1708 854 1786 adesse,
868 1707 943 1772 dum
960 1707 1109 1792 precibus
1122 1720 1155 1770 et
1174 1705 1390 1770 oblationibus

438 1811 616 1886 invocatur,
639 1823 671 1874 et
693 1810 808 1873 effectu
830 1808 1020 1894 petitionum
1046 1819 1268 1893 persequente,
1294 1804 1390 1869 sacri-

438 1911 546 1996 legum
562 1913 696 1975 errantis
710 1911 823 1974 animae
838 1910 1030 1973 desiderium
1046 1909 1251 1994 adimpletur.
1287 1908 1388 1973 Abest

438 2028 545 2076 autem
568 2026 632 2076 tam
656 2011 759 2096 longe,
778 2025 815 2075 ut
838 2013 1003 2075 subtracta
1024 2011 1127 2074 tutela
1148 2011 1211 2086 sui,
1231 2032 1389 2094 eosquos

437 2113 570 2198 perfidia
584 2125 675 2176 tauta
693 2113 847 2196 exagitat,
863 2113 959 2175 variis
978 2111 1250 2175 ludificationibus
1270 2111 1388 2174 daemo-

437 2237 525 2293 num,
541 2213 625 2277 trabi
640 2213 793 2278 sustineat
809 2213 850 2276 ad
870 2214 1058 2297 gehennam.
1104 2214 1145 2276 Se
1167 2211 1324 2298 siquidem
1345 2211 1388 2274 ad

437 2315 621 2399 hujusmodi
637 2314 759 2400 flagitia
770 2316 937 2401 prohibuit
952 2314 1081 2378 invitari
1095 2313 1226 2399 publica
1239 2335 1314 2376 voce
1324 2314 1387 2376 Ec-

436 2416 548 2497 clesiae,
563 2417 715 2480 adversus
730 2440 827 2503 quam
842 2438 901 2480 nec
916 2430 1018 2502 portae
1028 2414 1140 2480 inferni
1156 2414 1387 2500 praevalebunt.

436 2521 543 2597 Quum
559 2543 635 2604 ergo
652 2521 791 2604 Spiritus
801 2519 899 2583 sancti
909 2519 1024 2603 gratia,
1035 2519 1209 2581 auctoritas
1221 2515 1386 2591 Ecclesiae,

435 2622 622 2708 improbatis
644 2621 843 2685 subtrahitur
865 2620 1058 2696 exorcismis,
1082 2620 1138 2705 qui
1164 2620 1210 2682 eis
1231 2642 1295 2683 non
1320 2633 1385 2683 tam

435 2728 574 2788 utuntur
588 2745 685 2810 quam
701 2724 891 2798 abutuntur,
906 2723 1071 2786 offendunt
1094 2723 1127 2784 in
1143 2721 1302 2806 spiritum,
1318 2743 1387 2806 quo

436 2825 612 2902 recedente,
636 2826 706 2912 ejus
729 2825 788 2890 sibi
812 2825 959 2890 nituntur
985 2825 1137 2890 virtutem
1163 2837 1195 2889 et
1217 2821 1386 2887 efficaciam

435 2929 580 2990 retinere.

436 3183 514 3263 Cap.
538 3184 589 3244 28.
630 3183 682 3244 De
706 3183 907 3262 speculariis,
928 3189 959 3244 et
984 3182 1071 3262 quod
1090 3182 1226 3260 moliqati
1248 3183 1387 3261 spiritua

476 3284 638 3346 interdum
650 3285 777 3367 sutura
798 3290 1015 3365 praeoccurrit,
1032 3289 1064 3345 et
1081 3283 1119 3343 de
1132 3281 1310 3342 subtilitate
1324 3301 1386 3340 na-

477 3394 573 3463 ture,
588 3397 620 3450 et
639 3389 735 3467 lorsqu
754 3389 950 3468 eaperientia
974 3387 1132 3465 temporis,
1147 3390 1179 3444 et
1191 3381 1386 3445 revelatione

475 3493 675 3571 superiorum
684 3496 887 3570 potestatum,
899 3495 931 3550 et
941 3488 1117 3569 quodscepe
1131 3484 1307 3563 deripiunt,
1322 3491 1385 3547 aut

475 3593 675 3670 decipientes,
698 3597 757 3650 aut
781 3590 914 3669 decepti,
937 3593 968 3648 et
988 3587 1072 3671 quod
1090 3587 1284 3672 specularios
1298 3587 1383 3647 atala

477 3689 662 3750 indubitata
677 3693 865 3768 sequuntur.

475 3820 633 3884 Fnusrnn
663 3818 722 3882 sibi
749 3818 915 3904 specularii
937 3819 1158 3899 blandiuntur,
1183 3818 1271 3904 quod
1301 3818 1381 3882 nihil

431 3920 607 3998 immolant,
634 3922 714 3986 nulli
741 3935 866 4003 nocent,
892 3922 1009 4010 saepius
1031 3935 1165 4006 prosunt
1192 3920 1270 3984 dum
1293 3921 1381 3984 furta

432 4022 597 4108 detegunt,
617 4023 777 4088 maleficiis
797 4026 1079 4109 purgant-orbem,
1095 4037 1126 4087 et
1150 4022 1247 4086 solam
1270 4022 1380 4087 utilem

431 4138 488 4190 atrt
503 4125 707 4188 necessariam
723 4138 880 4211 appetunt
898 4127 1074 4190 veritatem.
1095 4107 1100 4117 ’
1120 4126 1193 4188 Non
1214 4123 1258 4188 sic
1279 4121 1379 4208 impii,

430 4249 492 4290 non
509 4226 562 4290 sic.
607 4224 668 4302 Qui
685 4248 747 4288 non
763 4223 895 4310 colligit,
909 4227 1027 4311 iuquit,
1044 4249 1180 4302 mecum,
1199 4221 1375 4308 dispergit3

431 4342 462 4396 ct
478 4329 534 4426 qui
551 4350 611 4392 non
628 4343 675 4392 est
690 4348 825 4401 mecum,
841 4340 950 4393 contra
965 4349 1014 4390 me
1029 4340 1087 4390 est.
1122 4330 1208 4390 Dum
1225 4325 1293 4388 haec
1309 4328 1382 4390 Do«
