3425 5367
314 778 386 824 cae.
402 755 524 835 xxmn]
680 768 936 817 ronreaarrcns.
1211 752 1271 813 149

319 942 442 1016 partem
469 950 542 990 cum
568 947 616 998 eo,
644 945 740 1009 quem
766 923 911 1001 avaritia,
936 920 1034 996 fastu,
1061 918 1273 984 obstinatione

319 1029 446 1108 mentis,
457 1027 774 1110 fueratinsequutus.
821 1021 885 1088 Sed
902 1022 982 1087 falso
991 1020 1167 1096 blanditur,
1183 1022 1272 1107 inge-

317 1154 390 1196 rens
420 1152 508 1216 spem
540 1127 668 1214 qnietis,
696 1126 774 1189 dum
805 1148 837 1189 se
867 1139 961 1209 gestu
991 1136 1023 1187 et
1050 1124 1155 1187 verbis
1184 1146 1271 1187 men·

319 1231 400 1296 titur
430 1230 604 1309 Samulem,
631 1228 683 1292 cui
713 1241 835 1291 certum
867 1240 926 1301 est,
960 1225 1108 1290 collatam
1137 1250 1204 1290 esse
1238 1226 1272 1289 in

318 1333 426 1419 quiete
440 1333 545 1397 sedem
563 1354 582 1395 a
597 1329 747 1407 Domino,
758 1332 841 1393 inter
856 1352 910 1393 eos
926 1327 981 1414 qui
996 1328 1144 1393 invocant
1160 1350 1274 1391 nomeu

317 1435 397 1519 ejus.
443 1433 528 1511 Quid
549 1456 627 1519 ergo
651 1430 737 1495 Sauli
761 1429 916 1494 Samuelis
938 1429 999 1505 sui,
1016 1428 1066 1492 vel
1085 1430 1194 1515 potius
1208 1433 1272 1515 Py·

319 1536 438 1612 thonis,
455 1535 605 1621 profuere
626 1536 799 1619 responsa?
837 1534 991 1596 Potuerat
1011 1530 1094 1595 sorte
1114 1554 1176 1594 non
1191 1554 1274 1617 prae-

320 1638 462 1702 monitus
484 1660 609 1721 sperare
632 1636 774 1711 meliora,
789 1645 821 1698 et
845 1634 956 1697 saltem
980 1633 1058 1696 dum
1079 1630 1182 1696 alieno
1201 1656 1275 1697 con·

321 1739 486 1803 foderetur
510 1738 617 1823 gladio
646 1750 827 1823 expectare.
874 1735 1003 1800 Oraculi
1033 1758 1108 1798 vero
1135 1738 1274 1799 vanitate

320 1840 509 1904 certioratus
522 1839 630 1923 gladio
645 1862 703 1901 suo
724 1838 884 1911 incubuit,
900 1849 932 1901 et
954 1834 986 1899 in
1003 1836 1153 1900 extremis
1167 1858 1274 1921 agens,

321 1940 401 2005 dum
423 1941 562 2027 propriae
583 1939 694 2024 gloria
709 1938 907 2018 consulebat,
922 1940 977 2021 qui
993 1938 1106 2002 fortius
1121 1937 1201 2001 mori
1216 1961 1275 2023 po·

324 2044 435 2106 tuisset
446 2043 478 2105 in
490 2042 612 2127 praelio,
623 2063 732 2106 auram
746 2041 913 2105 verboram
926 2040 1104 2125 pertimuit,
1114 2053 1146 2103 et
1157 2038 1274 2103 infirmi

324 2156 355 2207 et
370 2143 521 2229 prostrati
536 2143 633 2206 animi
654 2142 794 2216 oonsilio,
811 2141 952 2226 corporis
966 2154 999 2205 et
1015 2141 1128 2205 animae
1144 2156 1277 2206 mortem

325 2245 445 2310 ascivit.
481 2244 669 2310 Glorientur
679 2257 791 2329 gentes
803 2244 836 2307 in
848 2242 1037 2308 fortitudine
1052 2267 1119 2325 sua,
1131 2256 1277 2309 auctores

323 2369 431 2410 earum
447 2346 567 2426 dicant,
578 2349 800 2432 unusquisque
816 2346 904 2432 quod
919 2346 1024 2423 sentit,
1037 2346 1113 2409 dum
1133 2348 1277 2410 Heroum

324 2471 454 2513 suorum
477 2448 589 2512 titulos
611 2448 797 2534 praedicant,
821 2448 898 2511 dum
923 2470 1110 2531 magnorum
1134 2448 1276 2512 virorum

324 2547 546 2613 fortitudinem
577 2561 810 2633 praeconantur.
871 2548 968 2612 Bibat
998 2548 1060 2613 illis
1094 2548 1279 2613 auctoribus

329 2648 411 2711 Cato
433 2668 600 2726 venenum,
617 2648 763 2711 Vulteius
780 2646 911 2711 dextras
933 2660 965 2710 et
988 2660 1108 2711 mentes
1124 2647 1278 2711 sociorum

324 2759 424 2814 armet
438 2748 480 2812 ad
500 2748 711 2816 voluntariam
733 2761 877 2812 mortem.
923 2750 984 2812 Per
1002 2748 1155 2813 mamillas
1171 2748 1211 2812 ad
1225 2771 1280 2812 cor

326 2872 483 2913 venenum
498 2850 643 2935 aspidum
655 2848 829 2914 insanabile
845 2849 1017 2935 Cleopatra
1032 2848 1180 2936 trajiciat.
1216 2849 1279 2915 Lu-

325 2950 425 3014 cretia
450 2949 581 3014 alienam
608 2949 843 3036 impudicitiam
871 2950 1034 3035 sanguinis
1056 2953 1106 3015 sui
1128 2950 1279 3015 effusione

326 3051 526 3116 condemnet.
571 3053 644 3138 Ego
658 3052 784 3116 evenire
804 3075 897 3137 posse
920 3074 982 3115 non
1003 3052 1152 3130 arbitror,
1167 3066 1204 3118 ut
1224 3076 1280 3118 cu·

323 3154 504 3239 juscunqne
533 3153 730 3219 difficultatis
758 3154 905 3231 articulo,
932 3153 1024 3218 liceat
1051 3154 1180 3240 propria
1206 3177 1281 3219 auc·

329 3256 457 3321 toritate
478 3256 610 3333 homini,
634 3256 693 3320 sibi
717 3270 848 3321 mortem
873 3255 998 3337 inferre,
1020 3279 1077 3320 nec
1102 3257 1197 3321 etiam
1224 3257 1281 3321 ubi

330 3358 457 3423 castitas
472 3357 683 3444 periclitatur.
728 3359 820 3422 Licet
843 3358 929 3421 hunc
944 3379 1051 3420 casum
1067 3357 1214 3421 videatur
1229 3380 1282 3423 ex-

328 3458 434 3543 cipere
448 3460 560 3523 doctor
574 3459 630 3525 ille
651 3459 830 3536 doctorum,
846 3459 898 3523 cui
921 3458 952 3522 in
970 3462 1105 3523 sacrario
1119 3458 1282 3524 literarum
1309 3478 1315 3486 ’

331 3561 385 3628 vix
394 3561 532 3647 aliquem
545 3562 649 3626 audeo
661 3584 854 3648 comparare.
892 3564 922 3626 H
927 3583 972 3624 aec
984 3582 1068 3624 mors
1079 3560 1206 3625 omnino
1215 3560 1285 3625 des·

328 3675 512 3747 peratornm
539 3677 597 3740 est,
621 3677 654 3729 et
680 3685 800 3738 eorum,
824 3664 882 3749 qui
908 3662 981 3726 licet
1006 3684 1137 3748 corpore
1163 3662 1284 3740 vivant,

327 3763 395 3849 jam
411 3764 526 3829 mentis
540 3779 640 3830 morte
655 3764 854 3851 praemortui,
871 3763 976 3829 animo
991 3764 1097 3827 vivere
1111 3764 1285 3828 desierunt.

335 3865 456 3951 Utique
475 3888 538 3929 non
561 3866 720 3944 vivorum,
743 3866 797 3930 sed
816 3867 884 3951 jam
905 3878 1102 3930 mortuorum
1123 3888 1207 3928 mors
1227 3879 1284 3929 est.

332 3967 515 4031 Infidelium
527 3991 639 4051 regum
650 3990 802 4055 percurre
812 3968 936 4045 seriem,
948 3967 1153 4047 Hieroboam,
1163 3966 1286 4043 Achab,

329 4069 472 4145 Jeaebel,
494 4070 804 4148 Nabuchodonosor,
828 4068 1052 4146 Sennacherib,
1073 4082 1105 4134 et
1131 4070 1184 4133 alii
1208 4093 1287 4157 quo·

333 4192 405 4233 rum
421 4194 542 4236 errores
559 4196 621 4236 non
643 4172 764 4236 sufficio
785 4194 943 4248 enarrare,
959 4170 1036 4257 qnid
1049 4170 1163 4236 lucrati
1179 4173 1287 4239 sintin

328 4270 463 4335 vatibus
477 4274 553 4350 suis,
569 4274 627 4360 qui
643 4274 794 4338 videbant
809 4275 856 4338 eis
872 4274 952 4337 falsa
967 4286 999 4337 et
1015 4274 1124 4351 stulta,
1141 4297 1198 4338 nec
1213 4297 1288 4359 ape-

327 4371 458 4439 riebant
474 4376 519 4441 eis
534 4376 737 4462 iniquitatem
753 4398 877 4455 eorum,
892 4388 929 4440 ut
943 4398 996 4439 eos
1011 4374 1051 4439 ad
1067 4375 1287 4459 poenitentiam
