3425 5367
313 746 383 795 ose.
399 735 485 814 x1v.]
660 753 914 800 ronscnarrcus.
1201 743 1264 802 209

314 901 452 966 maxime
474 903 576 968 elucet
599 904 770 989 prudentia
792 916 859 980 tua,
882 903 969 990 quod
993 905 1044 969 isti
1068 905 1207 971 nondum
1232 919 1263 971 te

313 1004 442 1067 omnino
455 1005 600 1070 insanum
616 1006 835 1084 reddiderunt,
850 1007 908 1092 qui
926 1021 960 1072 ut
977 1006 1034 1072 tibi
1055 1007 1264 1093 applaudant,

314 1122 375 1165 uon
393 1105 487 1170 modo
505 1107 586 1182 Diis,
603 1108 658 1171 sed
682 1109 741 1172 tibi
766 1108 838 1195 ipsi,
851 1121 884 1174 et
904 1108 1025 1195 populo
1046 1108 1195 1195 injuriam
1217 1108 1264 1172 la-

314 1204 413 1271 ciunt.
459 1212 600 1274 Deorum
617 1210 774 1295 siquidem
793 1211 943 1276 minuunt
965 1211 1185 1292 reverentiam,
1199 1233 1265 1298 quo

314 1307 480 1390 parificant
502 1309 571 1376 tibi.
615 1315 663 1376 Te
685 1324 823 1397 arguunt
844 1311 1044 1398 insipientias,
1059 1311 1135 1375 dum
1159 1311 1266 1376 condi-

315 1407 410 1473 tionis
433 1423 499 1475 tuae
524 1425 724 1498 repugnante
746 1427 872 1491 natura,
896 1425 927 1478 te
950 1436 1056 1500 parem
1081 1414 1265 1480 numinibus

314 1531 384 1573 esse
421 1512 612 1596 persuadere
641 1527 849 1600 praesumunt,
909 1517 997 1579 Nota
1034 1513 1268 1599 superstitionis

315 1609 450 1678 inurunt
461 1613 630 1700 populum,
641 1617 695 1678 cui
706 1613 854 1679 mortales
869 1617 956 1679 Deos
967 1636 1026 1700 pro
1036 1614 1269 1679 immortalibus

315 1714 590 1798 persuadent-esse
604 1715 759 1780 colendos.
799 1717 880 1780 Sane
895 1716 927 1779 in
940 1739 978 1779 eo
989 1714 1109 1801 aliquid
1122 1714 1268 1780 divinum

318 1815 377 1880 tibi
399 1815 499 1881 inesse
521 1817 722 1895 monstrabis,
746 1819 772 1882 si
791 1840 901 1882 omnes
922 1817 1010 1896 istos,
1028 1815 1085 1902 qui
1105 1815 1269 1881 divinitati

318 1929 385 1982 tuae
396 1915 615 1982 fraudulenter
625 1918 838 2006 applaudunt,
847 1917 915 2002 rapi
926 1915 1037 1981 feceris
1048 1915 1088 1980 ad
1101 1927 1272 1980 tormenta.

320 2017 401 2092 Quis
415 2018 498 2082 enim
521 2020 664 2085 Deorum
680 2020 710 2084 ei
732 2030 853 2105 pareat,
869 2041 888 2082 a
902 2041 969 2104 quo
984 2039 1016 2080 se
1038 2016 1208 2101 deceptum
1231 2017 1270 2080 iri

318 2119 491 2204 iutelligit?
521 2120 603 2196 Quis
616 2144 679 2186 non
695 2121 797 2186 irruat
811 2120 844 2184 in
863 2142 947 2200 eum,
964 2119 1021 2205 qui
1042 2141 1157 2183 aureos
1178 2118 1271 2182 Jovis

319 2221 430 2286 oculos
443 2221 539 2302 eruit,
553 2233 610 2287 aut
623 2234 758 2308 argento
778 2219 977 2306 gemmisque
992 2218 1126 2284 sublatis
1140 2223 1270 2286 Vestam

320 2320 435 2386 nititur
462 2326 645 2387 excaecare?
685 2321 765 2400 Quis
786 2321 827 2385 de
857 2321 975 2386 Martis
996 2319 1100 2404 eapite
1123 2318 1271 2383 adaman-

321 2423 424 2489 tinum
451 2422 558 2487 lumen
584 2423 717 2509 impune
746 2421 921 2488 temerariis
948 2419 1057 2485 effodit
1087 2420 1274 2506 unguibus?

322 2525 447 2608 Nempe
468 2525 557 2588 Deos
571 2522 755 2600 invisibiles,
770 2535 803 2587 et
825 2521 1020 2586 immortales
1033 2521 1273 2598 circumvenire,

321 2637 354 2689 et
368 2625 414 2688 eis
430 2622 564 2688 fallaciae
585 2645 698 2708 parare
711 2623 853 2702 iusidias,
867 2622 1023 2708 gravioris
1042 2622 1148 2709 culpae
1163 2633 1220 2698 est,
1236 2645 1274 2686 eo

322 2724 411 2812 quod
426 2725 467 2788 ab
482 2724 532 2788 his
546 2723 717 2788 visibilium
735 2727 877 2789 Deorum
893 2723 1016 2787 fabrica
1030 2733 1227 2788 sustentatur
1242 2735 1274 2788 et

322 2827 456 2912 regitur,
470 2839 502 2891 et
517 2826 667 2890 bonorem
685 2838 741 2890 aut
765 2837 985 2911 contemptum
1010 2824 1067 2910 qui
1091 2823 1161 2888 istis
1181 2825 1274 2890 exhi·

321 2929 429 3005 betur,
451 2927 498 2992 illi
520 2938 735 2991 remunerant.
780 2926 813 2990 Si
836 2928 921 3010 sapis
944 2947 1032 3011 ergo,
1061 2927 1220 3010 Auguste,
1241 2927 1273 2990 in

323 3028 467 3093 Deorum
491 3028 598 3092 hostes
620 3026 776 3112 insurges,
797 3039 831 3090 et
855 3039 898 3102 te,
915 3028 941 3090 si
965 3048 1027 3090 non
1053 3029 1169 3101 Deum,
1186 3027 1275 3114 quod

324 3151 528 3218 nequaquam
543 3151 589 3204 es,
604 3129 655 3192 vel
679 3131 823 3194 Deorum
839 3140 872 3192 te
886 3127 1015 3194 docebis
1029 3150 1096 3192 esse
1110 3129 1276 3210 cultorem,

324 3233 350 3298 si
367 3234 552 3318 deceptores
572 3231 652 3296 istos
675 3229 945 3308 exterminaveris,
959 3245 1168 3295 excaecatores
1191 3245 1274 3307 tuos,

323 3338 465 3400 Deorum
474 3346 720 3420 contemptores,
729 3346 762 3398 et
771 3345 981 3417 utrorumque
991 3331 1140 3418 injuriam
1151 3336 1275 3418 punias.

325 3439 407 3503 Hac
422 3435 583 3503 Caecilius.
627 3435 740 3500 Factio
755 3448 860 3499 tamen
877 3433 1079 3499 adulatorum
1095 3434 1275 3518 praevaluit,

323 3540 412 3626 quod
436 3551 470 3604 et
498 3537 702 3626 praesentium
729 3559 835 3602 rerum
862 3535 1002 3600 declarat
1028 3547 1140 3600 status.
1185 3535 1276 3602 Adeo

324 3641 466 3728 quidem,
490 3655 528 3708 ut
550 3641 576 3706 si
602 3643 676 3727 quis
700 3638 904 3726 popularium
931 3637 1095 3702 modestiae
1121 3639 1275 3715 conscius,

324 3742 544 3808 assentationis
569 3755 602 3806 et
626 3740 828 3806 scurrilitatis
851 3739 930 3805 vitio
954 3739 1126 3804 crediderit
1156 3753 1276 3826 tempe-

321 3847 470 3922 randum,
486 3846 594 3910 hostes
606 3844 747 3908 felicium
762 3855 929 3907 censeatur
948 3860 1006 3906 aut
1027 3841 1167 3906 invidus.
1211 3847 1276 3908 Eo-

322 3971 393 4013 rum
406 3949 564 4034 siqnidem
575 3967 667 4010 aures
677 3957 795 4009 teneroe
810 3955 896 4018 sunt,
908 3955 940 4006 et
952 3943 1019 4028 jam
1035 3941 1275 4010 obsurduerunt

324 4073 411 4126 vero,
422 4063 455 4114 et
470 4049 612 4133 linguam
628 4045 816 4111 severiorem
831 4043 897 4107 sine
911 4043 1083 4108 offensione
1093 4043 1279 4128 gravissima

324 4173 387 4214 non
402 4149 590 4214 admittunt.
635 4152 674 4212 ln
695 4170 762 4232 quo
776 4155 932 4231 quantum
949 4168 968 4210 a
983 4145 1103 4210 virtute
1118 4147 1274 4232 majorum

325 4265 405 4316 satas
418 4267 527 4315 nostra
539 4249 788 4335 degeneraverit,
801 4247 1003 4334 perspicuum
1019 4259 1079 4324 est,
1090 4269 1192 4332 quum
1210 4249 1277 4312 sine
1313 4229 1328 4256 ⁴

325 4350 479 4440 patientia
499 4359 557 4416 au‘t
582 4348 720 4426 nullum,
739 4359 796 4414 aut
818 4370 925 4412 rarum
948 4369 1016 4412 esse
1040 4369 1123 4433 opus
1146 4347 1275 4414 virtutis

370 4471 445 4518 voa.
465 4471 516 4518 111.
798 4467 819 4511 1>
