3425 5367
434 700 476 761 56
694 710 829 757 scaurus
845 707 1125 757 sannsnsarsusrs
1264 693 1350 769 [nrn.
1366 692 1390 755 1'.

436 885 577 950 quoque,
606 884 682 950 quae
711 861 815 949 capite
845 860 1046 948 discooperto
1074 860 1205 937 incedit,
1230 858 1389 925 infelicem

435 961 547 1028 credet
570 962 642 1041 nisi,
658 973 694 1027 ut
710 961 798 1048 apud
815 960 958 1025 Plinium
974 960 1103 1046 legitur,
1118 960 1248 1047 publica
1263 962 1318 1038 sit,
1333 972 1391 1025 aut

435 1187 611 1244 occurrere,
638 1186 714 1252 quoe
739 1174 846 1229 emoto
868 1166 950 1244 velo,
970 1176 1069 1250 caput
1095 1186 1190 1228 suum
1215 1163 1389 1248 deturpare

437 1288 500 1331 non
530 1266 698 1332 erubescit.
747 1265 803 1330 Ab
832 1263 883 1327 his
911 1287 986 1350 quae
1014 1265 1119 1351 primo
1147 1264 1281 1329 audieus
1308 1267 1392 1329 inter

435 1366 539 1452 operis
553 1368 709 1455 cujusque
724 1365 877 1453 auspicia,
892 1366 970 1452 quid
986 1377 1140 1451 sequatur
1155 1386 1342 1451 praenosces.

508 1484 580 1538 Hinc
592 1484 667 1538 Dens
677 1484 829 1553 incumbens
839 1482 932 1537 manle
943 1500 1021 1553 quem
1033 1484 1128 1536 dextra
1139 1482 1257 1551 gerebat,

543 1571 641 1623 Omina
651 1570 794 1642 principiis,
805 1570 883 1634 dixit,
894 1570 983 1622 inesse
993 1569 1088 1622 solent.

506 1655 622 1709 Auditus
633 1672 708 1709 voces
720 1654 813 1708 timida
823 1654 1006 1727 perpendimus
1017 1672 1089 1719 anre,

541 1742 578 1797 ut
588 1743 698 1813 primam
709 1742 792 1795 visam
803 1740 915 1794 consulit
927 1758 1010 1809 augur
1021 1758 1105 1794 avem.

435 1843 487 1907 Ea
512 1843 670 1929 siquidem
695 1844 881 1910 futurorum
911 1842 1101 1929 praenostica
1126 1853 1211 1907 sunt.
1256 1840 1389 1907 Petilius

436 1944 548 2009 consul
570 1946 735 2009 Romanus
759 1965 951 2031 oppugnans
975 1956 1115 2009 castrum
1137 1943 1170 2007 in
1197 1942 1316 2023 Sicilia,
1337 1944 1391 2007 cui

435 2065 550 2110 nomen
577 2046 697 2111 Letum
720 2058 800 2124 erat,
823 2068 925 2132 quum
949 2045 1065 2110 milites
1086 2048 1327 2131 accingerentur
1348 2043 1389 2107 ad

434 2168 587 2233 pugnam,
610 2148 666 2224 ait,
690 2150 765 2234 Ego
789 2148 885 2213 hodie
912 2149 1029 2213 Letum
1052 2150 1184 2233 capiam.
1238 2148 1388 2233 Casuque

436 2252 479 2313 sie
494 2247 620 2331 accidit,
634 2273 735 2336 quum
759 2252 827 2338 ipse
849 2250 959 2315 eadem
982 2250 1034 2315 die
1055 2250 1153 2315 suerit
1167 2250 1388 2336 interemptus.

437 2350 529 2415 Alius
544 2374 675 2437 quoque
696 2353 806 2417 consul
829 2376 931 2439 quum
953 2376 973 2417 a
994 2365 1106 2417 senatu
1121 2352 1333 2437 destinaretur
1347 2348 1390 2415 ad

435 2453 685 2538 expugnandum
701 2478 806 2541 regem
829 2458 1009 2530 Persarum,
1025 2454 1124 2519 afilia
1145 2476 1242 2541 quam
1258 2453 1290 2516 in
1304 2452 1388 2517 ostio
1494 2526 1501 2537 ¹

435 2552 550 2619 domus
578 2554 705 2621 flentem
736 2558 865 2623 obviam
895 2558 1020 2639 habuit,
1049 2578 1177 2621 causam
1216 2554 1385 2642 quaesirit3

436 2679 602 2745 quumque
616 2658 672 2724 illa
686 2660 905 2748 responderet,
921 2662 1050 2725 Persam
1072 2659 1212 2747 periisse,
1230 2658 1289 2738 (sie
1303 2657 1387 2721 enim

434 2758 558 2827 catulus
584 2762 641 2848 qui
666 2762 750 2827 forte
779 2762 929 2850 perierat,
954 2762 1132 2845 dicebatur)
1162 2759 1324 2848 prefectus
1353 2757 1386 2821 in

432 2862 669 2949 expeditionem
691 2865 894 2951 triumphum
916 2887 979 2929 non
1001 2865 1134 2946 invenit,
1155 2887 1193 2928 eo
1219 2861 1306 2948 quod
1328 2883 1385 2925 rex

434 2964 603 3028 Persarum
633 2964 782 3050 perierat,
812 2966 943 3051 quando
972 2965 1039 3029 filia
1075 2965 1214 3030 consulis
1242 2962 1385 3030 catulum

435 3062 531 3129 flebat
546 3064 707 3129 amissum.
752 3065 802 3129 Ab
824 3066 901 3150 ipsis
923 3065 1019 3128 etiam
1042 3065 1215 3140 elementis,
1231 3080 1287 3132 aut
1309 3079 1387 3131 tem-

434 3163 521 3249 poris
539 3163 702 3248 qualitate,
718 3186 822 3228 rerum
838 3165 1024 3251 frequenter
1043 3164 1216 3230 trabuntur
1236 3167 1388 3250 auspicia.

433 3264 588 3333 Fortunae
609 3264 772 3347 duritiam,
785 3266 891 3353 gratia
911 3267 1001 3348 roris,
1021 3278 1078 3331 aut
1101 3264 1264 3329 modestus
1284 3265 1388 3331 imber

433 3366 564 3433 emollit.
607 3369 782 3433 Roseidum
805 3370 938 3457 quippe,
961 3383 994 3435 et
1020 3366 1221 3454 suppluviale
1247 3379 1386 3454 tempus,

434 3493 552 3557 aerque
587 3470 696 3547 sudus,
725 3471 803 3535 dum
832 3470 937 3555 operis
973 3471 1131 3557 cujusque
1167 3469 1388 3536 incunctanter

435 3584 541 3638 ortum
564 3572 780 3657 prosequitur,
801 3572 944 3636 creditur
965 3571 1108 3659 ejusdem
1130 3569 1293 3638 fortunare
1315 3595 1390 3659 pro·

437 3694 569 3741 cessum.
614 3675 723 3747 Quum
738 3672 870 3739 fortuna
888 3696 962 3759 quae
984 3674 1144 3761 Phrygios
1157 3673 1266 3739 exules
1279 3673 1389 3740 liventi

433 3770 527 3837 oculo
549 3770 606 3837 diu
628 3771 869 3858 perstrinxerat,
885 3775 1013 3841 tandem
1036 3777 1216 3862 benignius,
1232 3776 1325 3863 quasi
1346 3775 1387 3840 de

434 3878 563 3961 specula
577 3874 701 3961 gratiae,
717 3877 921 3963 respexisset,

540 3993 595 4047 Olli
607 3993 732 4048 caeruleus
744 4012 820 4067 supra
832 4002 910 4068 capnt
921 3997 1024 4051 adstitit
1034 3998 1127 4051 imber.

434 4090 542 4154 Venus
558 4088 713 4175 naufrago
727 4089 804 4169 filio,
819 4092 905 4178 apud
929 4093 1089 4158 Didonem
1111 4093 1288 4181 hospitium
1305 4116 1388 4180 proe·

430 4212 557 4277 parans,
580 4191 716 4257 eundem
738 4191 804 4256 fido
826 4194 946 4259 Achate
968 4195 1167 4274 comitatum,
1182 4196 1260 4260 dum
1284 4195 1315 4259 in
1338 4218 1387 4259 re-

431 4292 514 4377 ginae
529 4292 664 4377 gratiam
680 4292 907 4375 introduceret,
922 4318 999 4360 cava
1015 4297 1100 4361 nube
1115 4296 1249 4363 obtexit.
1291 4297 1388 4362 Toni·
