3425 5367
442 759 500 817 106
681 771 817 815 miurus
832 771 1114 817 smsnsarnusm
1251 756 1334 836 [ma.
1352 779 1389 822 11.

435 921 634 986 institutione
650 923 722 997 Dei,
739 933 771 986 et
786 931 909 986 naturae
925 921 1086 996 beneficio,
1110 923 1257 1010 quaedam
1279 925 1391 990 futura

434 1022 531 1109 signis
545 1023 754 1108 praeveniunt.
780 1024 813 1087 Si
824 1024 926 1109 igitur
934 1023 1072 1088 coeiestia
1084 1025 1174 1109 signa
1184 1040 1258 1092 sunt
1270 1050 1388 1105 rerum,

434 1147 508 1211 quae
529 1125 642 1212 procul
661 1125 916 1191 dubioventurae
936 1138 1011 1190 sunt
1027 1127 1210 1208 necessario,
1218 1151 1320 1214 quum
1335 1153 1389 1195 eas

433 1227 641 1292 immutabilis
662 1223 829 1313 dispositio
850 1227 1058 1308 ordinaverit,
1082 1229 1160 1314 quid
1182 1229 1333 1315 prohibet
1348 1254 1387 1294 ea

432 1351 507 1414 quae
521 1330 695 1392 ooeiestium
706 1327 967 1414 praenunciantur
980 1326 1098 1390 indicio
1113 1328 1186 1392 sciri
1201 1329 1243 1393 ab
1259 1329 1385 1392 homine
1425 1343 1429 1347 ·

433 1443 465 1494 ct
481 1429 600 1494 homini
614 1428 749 1493 invicem
772 1427 933 1493 indicari?
958 1428 1057 1512 Signa
1079 1427 1236 1514 siquidem
1252 1429 1386 1492 homini-

434 1531 494 1595 bus
508 1531 584 1596 data
595 1531 720 1596 suntad
735 1530 959 1606 eruditionem,
972 1550 1033 1591 non
1046 1527 1120 1605 illis,
1136 1529 1191 1614 qui
1207 1529 1384 1593 coelestium

430 1631 545 1696 conscii
562 1645 753 1697 secretorum
770 1629 868 1694 nullis
881 1629 1026 1714 indigent
1042 1627 1149 1713 signis.

432 1927 512 2010 Cap.
529 1931 581 1990 20.
606 1925 699 1999 Quod
708 1924 917 2006 providentia
936 1925 1001 1986 Dei
1015 1944 1124 1987 rerum
1147 1930 1305 1987 notmam
1319 1945 1385 1988 non

470 2026 611 2107 perimit,
626 2045 729 2106 neque
742 2026 838 2088 series
852 2044 963 2087 rerum
976 2026 1127 2088 immutat
1133 2026 1383 2107 providentiam,

473 2133 505 2190 et
518 2127 606 2207 quod
617 2128 750 2190 liberum
765 2127 935 2190 arbitrium
950 2134 1059 2190 monet
1072 2148 1145 2191 cum
1157 2129 1373 2209 providentio.

472 2328 678 2392 Pnousmnm
692 2325 823 2411 quidem
839 2339 914 2390 sunt
929 2325 1009 2402 haec,
1024 2348 1098 2411 quae
1115 2341 1309 2412 proponunt,
1323 2327 1380 2392 sed

428 2440 534 2492 tamen
549 2449 706 2492 venenum
721 2427 773 2491 hic
788 2427 849 2492 sub
863 2427 956 2492 melle
970 2427 1057 2492 latet.
1103 2429 1248 2492 Fatalem
1263 2429 1381 2493 etenim

428 2529 589 2616 quandam
605 2533 820 2596 necessitatem
836 2531 933 2594 rebus
949 2529 1120 2616 imponunt
1135 2530 1196 2594 sub
1220 2542 1381 2615 praetextu

428 2631 616 2697 humilitatis
631 2644 662 2696 et
672 2632 857 2696 reverentiae
873 2632 946 2709 Dei,
963 2632 1110 2697 timentes
1125 2655 1165 2696 ne
1180 2633 1264 2697 forte
1280 2632 1381 2718 ipsius

428 2748 602 2800 evacuetur
624 2733 800 2820 dispositio,
832 2734 890 2800 nisi
914 2757 1021 2798 rerum
1050 2747 1183 2798 eventus
1211 2734 1379 2798 necessitas

427 2836 607 2902 comitetur.
653 2835 813 2901 Praeterea
835 2834 1040 2920 privilegium
1065 2834 1182 2898 divinae
1209 2834 1381 2921 majestatis

426 2937 622 3024 irrumpunt,
639 2937 800 3004 scientiam
823 2937 1038 3014 vendicantes,
1053 2959 1119 3022 qua
1141 2949 1285 3022 tempora
1299 2957 1382 3022 prae·

427 3039 556 3102 videant
571 3053 602 3101 et
619 3055 788 3114 momenta,
798 3060 873 3122 quae
888 3037 945 3100 filii
961 3037 1151 3117 testimonio,
1166 3038 1267 3121 patris
1281 3059 1380 3101 reser-

426 3151 502 3202 vata
516 3150 591 3200 sunt
612 3137 774 3222 potestati,
796 3136 876 3199 adeo
895 3136 1026 3221 quidem
1053 3149 1088 3200 ut
1108 3137 1295 3200 abscondita
1319 3137 1383 3201 sint

426 3236 468 3300 ab
479 3235 578 3300 oculis
593 3257 715 3313 eorum,
725 3235 844 3321 quibus
854 3235 918 3300 Dei
930 3233 1015 3298 filius
1024 3256 1226 3320 quacunque
1235 3236 1381 3299 audierat

425 3350 548 3425 epatre
570 3337 730 3426 patefecit.
775 3337 903 3402 Deinde
925 3351 1046 3403 mentes
1067 3335 1232 3400 homiuum
1254 3348 1382 3399 tumore

426 3440 570 3506 elationis
592 3439 762 3518 extollunt,
786 3452 843 3504 aut
865 3435 1094 3524 desperationis
1116 3435 1382 3521 pusillanimitate

424 3553 641 3626 prosternunt,
663 3541 742 3604 dum
764 3541 815 3604 vel
837 3540 934 3604 vitam
956 3539 1156 3618 diuturnam,
1179 3551 1236 3604 aut
1267 3540 1381 3604 mundi

424 3664 577 3728 prospera
585 3641 772 3727 dejiciendis
783 3641 989 3728 promittunt,
998 3639 1049 3703 vel
1061 3652 1200 3706 econtra
1211 3641 1378 3706 imminen-

426 3743 559 3820 tiafata,
569 3755 626 3808 aut
639 3742 735 3808 seculi
750 3742 885 3807 adversa
896 3743 1059 3806 minantur
1068 3741 1237 3828 erigendis.
1284 3746 1381 3809 Certe

425 3843 617 3930 superiorem
634 3844 767 3925 timoris,
778 3842 829 3908 vel
840 3842 1023 3908 inferiorem
1038 3844 1105 3930 spei
1120 3845 1249 3925 molam,
1258 3843 1378 3929 quibus

424 3945 527 4012 fidelis
538 3947 644 4010 anima
654 3947 687 4010 in
698 3945 891 4015 areamundi
901 3946 1028 4023 teritur,
1038 3945 1379 4032 tollereprohibentur.

426 4047 562 4116 Tollunt
578 4061 682 4114 tamen
705 4049 817 4114 tamin
842 4071 943 4128 suam,
958 4061 991 4113 et
1010 4047 1170 4112 clientula*
1192 4070 1259 4112 suae
1274 4046 1378 4133 perni-

424 4149 515 4228 ciem,
524 4171 621 4234 quam
631 4148 663 4212 in
673 4148 897 4232 contumeliam
907 4149 1116 4234 prohibentis.
1161 4152 1282 4214 Verum
1294 4145 1377 4209 sicut

424 4250 519 4314 series
540 4273 646 4314 rerum
670 4250 732 4316 Dei
754 4249 986 4336 providentiam
1009 4272 1071 4313 non
1094 4250 1255 4326 immutat,
1277 4247 1322 4312 sic
1344 4258 1376 4310 et

424 4364 543 4418 aeterne
557 4352 733 4439 dispositio,
748 4374 853 4416 rerum
865 4363 1011 4418 naturam
1027 4374 1090 4416 non
1101 4351 1237 4436 perimit.
1262 4351 1376 4434 Neque
