3425 5367
450 699 491 758 ³8
704 708 841 755 colurus
855 708 1136 755 ssuusuumnnsrs
1281 685 1363 765 [cra.
1381 703 1405 747 r.

451 861 557 928 nicum
573 860 667 945 gerit.
699 861 806 937 Quum
821 882 896 923 vero
910 856 1015 923 modis
1030 861 1096 923 suis
1112 853 1292 940 elegantius
1304 853 1404 917 fuerit

452 962 601 1039 colorata,
617 974 785 1026 venustate
805 960 856 1025 sui
870 969 990 1025 mentes
1010 959 1107 1025 etiam
1121 956 1292 1022 severiores
1305 952 1405 1040 capit,

450 1076 482 1128 et
497 1062 634 1148 quadam
648 1061 789 1129 inductoe
803 1060 974 1126 hilaritatis
993 1061 1098 1145 gratia
1111 1057 1204 1145 pellit
1220 1056 1380 1122 tristitiam
1390 1080 1402 1119 z·

451 1176 483 1228 et
498 1163 524 1225 si
540 1161 619 1248 quid
636 1161 786 1248 pulveris,
801 1173 859 1225 aut
879 1161 1028 1236 turbinis,
1042 1172 1100 1225 aut
1115 1157 1302 1223 nebularum
1316 1154 1405 1240 cogi·

452 1263 626 1329 tationibus
654 1261 732 1351 ipsis
757 1263 937 1343 inhaeserat,
964 1274 1113 1349 potenter
1141 1259 1307 1343 abstergit.
1350 1255 1404 1322 Ad

452 1385 556 1429 mores
572 1366 682 1451 itaque
700 1364 903 1430 instruendos
925 1376 959 1427 et
981 1366 1103 1430 animos
1124 1360 1323 1427 exultatione
1342 1358 1406 1422 rire

453 1466 533 1535 tutis
551 1466 755 1553 trajiciendos
777 1470 809 1531 in
829 1466 955 1533 cultum
974 1465 1115 1541 Domini,
1130 1486 1193 1527 non
1214 1461 1310 1526 modo
1328 1480 1405 1523 con-

453 1576 579 1631 centum
595 1564 768 1645 huminum,
785 1564 839 1629 sed
856 1577 888 1629 et
908 1564 1192 1628 instrumentorum
1207 1559 1319 1623 modos
1332 1580 1405 1621 cen·

454 1679 585 1731 suerunt
595 1666 693 1731 sancti
700 1679 807 1751 patres
813 1666 953 1731 Domino
961 1664 1179 1751 applicandos,
1184 1683 1283 1748 quum
1296 1658 1409 1744 templi

453 1768 662 1833 reverentiam
680 1767 861 1832 dilatarent.
898 1767 986 1831 Etsi
1007 1764 1173 1830 militantis
1192 1762 1332 1827 ecclesiae
1348 1759 1408 1827 tibi

451 1890 550 1953 parva
572 1868 700 1931 videtur
721 1866 905 1945 auctoritas,
926 1867 976 1931 vel
997 1865 1224 1952 triumphatrix
1247 1862 1301 1927 illa
1322 1884 1408 1949 prae-

452 1968 544 2042 conia
558 1967 687 2044 musicae
702 1990 764 2031 non
780 1966 910 2043 tacebit,
924 1968 1020 2053 cujus
1040 1970 1176 2035 seniores
1190 1964 1284 2043 vidit,
1298 1977 1329 2029 et
1345 1962 1403 2029 tibi

441 2063 642 2140 monstrarit
657 2064 790 2134 tonitrui
813 2064 911 2141 filius,
926 2077 959 2128 et
974 2086 1070 2128 voces
1085 2086 1195 2128 eorum
1218 2062 1300 2125 sicut
1315 2082 1411 2126 voces

455 2164 712 2249 cytharoedorum
733 2164 1001 2251 cytharizantium
1013 2164 1045 2228 iu
1056 2164 1198 2251 cytharis
1212 2162 1289 2227 suis.
1312 2159 1407 2239 Quod

457 2268 480 2331 si
496 2265 567 2329 illos
581 2265 722 2336 nondum
739 2266 868 2342 audisti,
882 2287 988 2351 regem
1004 2265 1116 2330 audias
1130 2264 1341 2340 exultantem,
1350 2261 1408 2347 qui

455 2382 487 2441 te
501 2368 591 2453 regni
605 2380 638 2433 et
653 2368 859 2439 exultationis
874 2392 944 2433 sum
956 2368 1025 2442 vult
1041 2391 1108 2433 esse
1122 2366 1320 2455 participem.
1349 2364 1405 2438 Ait

457 2469 558 2539 euim:
584 2470 706 2535 Sumite
721 2470 891 2555 psalmum,
907 2470 982 2536 date
1004 2484 1205 2556 tympanum,
1221 2465 1409 2555 psalterium

451 2572 633 2658 jucundum
645 2594 719 2635 cum
731 2573 872 2657 cythara
899 2573 951 2639 Ad
963 2574 1054 2657 quid,
1064 2572 1188 2659 inquis?
1211 2569 1259 2634 Ut
1271 2567 1412 2633 laudetis.

457 2674 634 2747 Dominum
650 2676 686 2747 in
704 2683 857 2760 tympano
872 2688 903 2739 et
919 2676 1027 2751 choro,
1042 2676 1076 2739 iu
1090 2662 1217 2749 chordis
1230 2688 1261 2736 et
1277 2692 1408 2755 organo.

460 2776 527 2843 Hic
542 2786 590 2841 est
603 2776 686 2841 enim
708 2799 785 2843 usus
801 2778 938 2848 Musicae
957 2792 1013 2844 aut
1029 2777 1128 2855 solus,
1141 2790 1197 2841 aut
1216 2772 1408 2862 praecipuus.

456 2877 619 2963 Phrygius
631 2903 706 2945 vero
716 2879 842 2955 modus,
851 2892 883 2944 et
894 2893 1007 2945 caetera
1016 2877 1230 2965 corruptionis
1239 2874 1412 2950 lenocinia,

460 3001 544 3044 sanae
556 2980 765 3056 institutionis
779 3002 841 3052 non
852 2981 971 3045 habent
984 2980 1153 3059 usum,sed
1166 2978 1309 3065 produnt
1320 2974 1412 3039 mali·

460 3080 537 3164 tiam
563 3078 734 3144 abutentis.
780 3078 878 3143 Dolet
904 3080 1005 3163 igitur
1030 3092 1063 3142 et
1086 3079 1266 3161 ingemiscit
1291 3079 1416 3163 species⁴

459 3178 628 3252 laudabilis
647 3178 835 3265 disciplinae,
851 3202 883 3242 se
906 3179 948 3242 ab
966 3179 1068 3248 aliene
1083 3178 1161 3241 vitio
1182 3178 1365 3255 deformari,
1378 3190 1412 3240 et

441 3280 546 3367 ,quod
561 3281 661 3347 facies
672 3280 845 3347 meretricis
859 3280 944 3346 facta
958 3292 1006 3345 est
1021 3279 1062 3357 ei,
1072 3300 1147 3363 quae
1162 3276 1269 3354 viriles
1279 3298 1411 3362 quoque

457 3382 578 3447 arrimos
592 3381 763 3448 accendere
774 3392 981 3445 consueverat
992 3380 1034 3443 ad
1046 3379 1209 3442 virtutem.
1242 3376 1411 3441 Amatoria

459 3483 674 3548 bucolicorum
691 3480 778 3566 apud
793 3479 879 3545 viros
891 3503 1006 3565 graves
1026 3478 1226 3555 asseruerat
1246 3477 1412 3551 criminis,

461 3585 556 3647 Nunc
571 3606 647 3648 vero
658 3580 746 3645 laudi
762 3580 903 3657 ducitur,
913 3584 940 3645 si
956 3580 1063 3645 rideas
1073 3580 1235 3666 graviores
1245 3581 1411 3656 amatoria,

461 3708 535 3771 quoe
547 3685 588 3748 ab
598 3682 676 3769 ipsis
686 3681 839 3745 dicuntur
850 3680 1028 3766 elegantius
1039 3680 1224 3759 stulticinia,
1235 3700 1411 3765 personare.

462 3785 572 3871 Ipsum
593 3805 723 3870 quoque
742 3781 864 3849 cultum
887 3782 1049 3869 religionis
1068 3786 1212 3863 incestat,
1227 3782 1316 3867 quod
1338 3792 1412 3844 ante

461 3903 664 3975 conspectum
681 3886 824 3965 Domini,
840 3889 874 3952 in
896 3887 973 3973 ipsis
994 3885 1210 3975 penetralibus
1230 3884 1413 3958 sanctuarii,

462 3988 653 4057 lascivientis
665 3987 750 4052 vocis
761 3987 853 4069 luxu,
863 3988 1004 4075 quadam
1013 3988 1224 4055 ostentatione
1234 3986 1295 4064 sui,
1305 3984 1415 4051 mulie·

463 4091 576 4158 bribus
591 4089 692 4154 modis
706 4086 890 4153 notularum
905 4089 1179 4175 articulorumque
1194 4088 1336 4164 caesuris,
1348 4098 1415 4150 stu-

465 4206 577 4281 pentes
591 4190 746 4257 animulas
760 4190 901 4255 emollire
916 4190 1072 4256 nituntur.
1119 4192 1226 4268 Quum
1243 4186 1416 4275 praecinen-

467 4296 560 4380 tium,
587 4310 618 4360 et
646 4292 886 4375 succinentium,
912 4294 1103 4372 canentium,
1131 4305 1163 4357 et
1189 4288 1417 4365 decinentium,
