3425 5367
435 714 498 775 304
706 720 845 767 romeus
861 718 1143 765 saansnnrunnsrs
1261 697 1341 775 [uu.
1358 720 1389 761 v.

437 899 487 941 me
510 874 603 939 credo
627 874 741 938 vidisse
760 870 905 935 ostiarios
929 869 1070 935 Cerbero
1090 869 1242 933 duriores.
1290 867 1389 953 Apud

437 977 554 1040 inferos
567 987 673 1039 tamen
697 972 857 1039 Cerberus
876 993 960 1039 unus
980 984 1036 1035 est.
1083 973 1171 1044 Quot
1191 982 1266 1032 sunt
1287 968 1391 1031 diver-

438 1076 537 1143 ticula
552 1075 742 1149 curialium,
754 1086 803 1138 tot
819 1072 950 1139 Cerberi
964 1084 1049 1136 sunt.
1086 1072 1247 1136 Atrienses
1262 1093 1392 1156 quoque

439 1179 594 1245 Cerberos
608 1175 789 1252 sustinebis,
805 1188 972 1259 totamque
992 1172 1158 1250 familiam,
1174 1195 1248 1259 quae
1268 1193 1391 1257 semper·

438 1293 496 1345 aut
510 1278 645 1353 mordet,
660 1290 716 1342 aut
737 1276 845 1341 latrat.
890 1277 1009 1341 Omnes
1029 1297 1104 1337 vero
1122 1286 1284 1359 quotquot
1306 1285 1391 1348 sunt,

438 1386 471 1447 in
501 1404 566 1445 uno
595 1379 733 1443 medicos
761 1377 946 1453 audierunt,
977 1376 1140 1441 dicentes:
1180 1378 1268 1439 Dum
1305 1374 1389 1439 dolet

441 1486 560 1569 accipe,
583 1480 700 1545 facturi
718 1482 813 1545 etium
837 1482 863 1543 si
883 1478 942 1543 sibi
961 1477 1111 1562 expedire
1130 1477 1335 1553 crediderint,
1357 1486 1394 1539 ut

440 1584 546 1648 doleat
560 1583 647 1669 quod
663 1604 773 1646 sanum
789 1593 848 1645 est.
896 1582 935 1643 ln
952 1603 1016 1643 uno
1032 1592 1138 1644 tamen
1154 1580 1311 1665 piissimos
1326 1604 1392 1644 esse

439 1684 614 1764 miraberis,
629 1684 716 1769 quod
732 1682 878 1769 querelas
895 1682 1029 1746 libenter
1044 1681 1193 1758 audiunt,
1208 1682 1318 1746 fovent
1333 1682 1393 1745 hu-

441 1781 1390 1867 miliorumcausas‚eteousquepatrocinanturafflictis,dum

441 1885 629 1949 exhauriant
641 1883 763 1947 loculos
773 1882 961 1967 pleniorum.
997 1884 1080 1946 Nam
1093 1906 1286 1969 quocunque
1299 1884 1393 1948 modo

441 2010 537 2051 causa
557 1984 719 2071 procedat,
743 1985 802 2047 boc
826 2007 950 2071 semper
972 1984 1080 2069 agitur
1103 1998 1140 2049 ut
1163 1986 1258 2049 loculi
1280 1986 1393 2071 imple·

441 2102 548 2165 antur,
571 2088 629 2151 etsi
650 2087 783 2149 avaritia
802 2100 941 2171 nequeat
964 2088 1079 2151 satiari.
1127 2088 1279 2173 Quisquis
1300 2088 1331 2152 in
1352 2088 1393 2153 is-

442 2205 545 2255 torum
570 2210 682 2251 manus
701 2188 859 2265 inciderit,
876 2190 901 2251 si
921 2188 1077 2274 poenitens
1096 2190 1266 2266 invenitur,
1282 2191 1394 2275 opinor

442 2292 511 2357 haec
536 2303 694 2354 tormenta
716 2292 745 2353 ei
769 2288 909 2353 sufficere
936 2312 1027 2376 posse
1055 2291 1095 2355 ad
1124 2294 1256 2355 veniam.
1303 2292 1393 2356 Nihil

443 2394 526 2459 enim
550 2393 630 2457 adeo
654 2415 751 2477 grave
774 2405 832 2468 est,
856 2395 945 2478 quod
971 2394 1023 2457 hic
1048 2393 1170 2480 expiari
1197 2416 1259 2457 non
1286 2398 1395 2480 possit.

445 2492 531 2569 Quid
554 2491 636 2555 enim
660 2492 805 2557 miserius
827 2507 885 2567 est,
909 2516 1006 2578 quam
1032 2494 1178 2579 superbis
1200 2494 1336 2559 assidere
1359 2494 1395 2557 li·

443 2594 593 2671 minibus,
607 2595 938 2681 praetergredientium
963 2595 1097 2659 tolerare
1118 2596 1246 2673 fastum,
1271 2611 1302 2662 et
1323 2620 1396 2661 con-

444 2697 672 2784 temptibilium
700 2698 813 2762 calcari
839 2710 1038 2784 contemptu,
1065 2698 1206 2783 perferre
1236 2698 1394 2763 molestias
1462 2717 1467 2727 ·

444 2820 661 2874 excussorum,
676 2811 708 2862 et
723 2799 765 2862 ab
785 2798 924 2883 indignis
946 2797 1069 2884 quaevis
1085 2800 1217 2884 indigna
1232 2800 1393 2887 perferre?

448 2902 603 2976 Socrates
626 2923 726 2985 quum
749 2922 821 2963 eum
847 2900 1031 2966 Alcibiades
1053 2901 1275 2987 interrogaret,
1297 2925 1396 2989 quare

446 3001 666 3087 Xanthippem
679 3025 810 3065 uxorem
821 3002 994 3067 admodum
1003 3023 1158 3067 morosam
1166 3018 1198 3067 et
1205 3005 1395 3091 jurgiosam,

446 3116 478 3165 et
493 3124 567 3186 quae
582 3101 639 3163 diu
660 3114 822 3186 noctuque
846 3102 1056 3167 muliebribus
1077 3103 1217 3167 scatebat
1238 3104 1398 3183 molestiis,

447 3204 543 3277 domq
566 3222 627 3264 non
650 3203 804 3287 abigeret,
819 3204 942 3291 iuquit:
976 3206 1082 3281 Quum
1107 3204 1202 3267 talem
1226 3205 1310 3268 domi
1326 3228 1397 3289 per·

447 3305 561 3391 petior,
585 3303 738 3381 insuesco,
761 3318 793 3369 et
813 3328 967 3370 exerceor
994 3318 1030 3369 ut
1056 3316 1242 3369 caeterorum
1269 3328 1397 3391 quoque

447 3408 526 3471 foris
541 3405 761 3493 petulantiam,
778 3421 810 3471 et
830 3407 978 3492 injuriam
995 3406 1120 3469 facilius
1134 3406 1243 3470 feram.
1290 3406 1397 3470 Veteri

446 3507 624 3573 celebratur
642 3508 827 3593 proverbio:
867 3507 951 3585 Quia
969 3530 1077 3571 vacuae
1098 3526 1211 3568 manus
1231 3508 1398 3571 temeraria

446 3608 559 3693 petitio
578 3622 637 3683 est,
653 3621 686 3672 et
708 3609 852 3693 profecto
872 3612 1076 3693 importunus
1099 3620 1244 3693 precator
1262 3622 1324 3686 est,
1339 3610 1394 3696 qui

448 3708 569 3774 dandas
580 3732 629 3772 res
638 3709 678 3772 ad
692 3710 788 3774 verba
799 3710 941 3775 confidit.
980 3711 1162 3797 Utrobique
1174 3710 1269 3792 enim,
1281 3713 1395 3777 scilicet

447 3810 535 3897 apud
550 3810 683 3875 curiales
698 3823 730 3874 et
746 3810 893 3885 medicos,
912 3812 1046 3887 obtinet,

555 3927 606 3980 Pro
618 3928 679 3980 solis
690 3928 785 3992 rethia,
797 3929 927 3980 montanis
939 3928 1035 3980 utimur
1045 3928 1143 3990 herbis,
1237 3952 1246 3978 a

555 4013 606 4065 Pro
618 4014 684 4065 caris
695 4014 784 4078 rebus,
795 4014 936 4084 pigmentis
949 4019 975 4066 et
988 4014 1131 4085 speciebus.

452 4118 542 4179 Inter
568 4115 645 4177 alios
671 4128 776 4178 tumen
805 4116 1005 4201 benigniores
1031 4130 1119 4197 sunt,
1146 4117 1203 4202 qui
1234 4116 1398 4179 minimum

450 4229 594 4303 possunt,
617 4215 694 4279 licetv
714 4217 780 4280 sere
802 4241 912 4281 omnes
939 4220 1029 4303 proni
1057 4218 1119 4283 sint
1145 4219 1185 4281 ad
1213 4218 1400 4294 nocendum,

450 4318 533 4405 quod
556 4321 655 4383 cuivis
673 4318 766 4403 longe
788 4320 915 4385 facilius
935 4333 993 4398 est,
1010 4344 1106 4405 quam
1128 4320 1288 4406 prodesse.
1335 4324 1400 4384 Ex-
