3425 5367
457 711 497 770 84
701 723 839 768 ioannis
854 723 1135 768 saassnnnrsnsm
1276 707 1359 780 [nm.
1377 724 1414 768 11.

457 875 597 940 futurus.
641 873 815 938 Excidium
838 874 960 960 quippe
980 873 1165 940 Numantia
1181 874 1305 960 juniori
1324 874 1414 956 inno-

458 974 521 1040 tuit
546 973 711 1052 Africano,
734 976 811 1038 dum
839 987 923 1038 esset
947 973 1055 1037 adbuc
1077 996 1158 1060 pene
1180 973 1280 1037 miles.
1326 979 1413 1040 Dum

457 1087 631 1141 autumnus
642 1074 774 1140 adultus
789 1088 837 1140 est
852 1086 909 1140 aut
924 1089 1119 1160 praeruptus,
1128 1075 1250 1138 somnia
1264 1075 1414 1162 frequen-

457 1179 523 1244 tius
537 1191 739 1244 evanescunt.
785 1178 949 1242 Arborum
966 1199 1105 1262 namque
1120 1176 1302 1242 labentibus
1315 1179 1413 1257 foliis,

457 1277 686 1342 insomniorum
712 1279 835 1343 vanitas
853 1277 1057 1342 dominatur:
1086 1278 1173 1364 quod
1194 1293 1226 1343 et
1247 1281 1411 1366 Virgilius,

458 1380 489 1442 in
513 1379 596 1444 libro
618 1380 650 1443 in
678 1403 743 1466 quo
767 1380 868 1444 totius
890 1377 1107 1464 Philosophiae
1129 1379 1264 1444 rimatur
1285 1403 1411 1458 arcana,

458 1481 589 1546 sensisse
612 1483 699 1546 visus
721 1495 780 1561 est,
802 1482 881 1545 dum
904 1480 1043 1544 labentia
1068 1479 1147 1544 folia
1170 1480 1256 1566 apud
1279 1480 1409 1553 inferos,

458 1583 553 1648 variis
569 1583 696 1647 somniis
716 1587 851 1648 ornavit.
897 1583 1058 1646 Locorum
1081 1605 1211 1668 quoque
1231 1582 1410 1659 diversitas,

457 1689 560 1750 vadas
576 1686 696 1771 figuras
716 1685 834 1772 quietis
851 1683 1004 1763 admittit,
1019 1695 1057 1747 ut
1076 1682 1138 1746 alia
1157 1683 1239 1760 aliis,
1255 1707 1339 1747 nunc
1354 1685 1411 1747 ho-

457 1809 529 1852 rum
545 1811 629 1852 nunc
652 1788 777 1850 illorum
800 1790 1006 1862 somniorum,
1023 1785 1170 1850 uberiora
1184 1789 1257 1850 sint.
1303 1787 1411 1850 Locus

458 1912 595 1975 namque
616 1889 769 1976 palustris
791 1903 847 1952 aut
871 1888 1026 1961 desertus,
1043 1889 1242 1952 eminentiori
1261 1902 1317 1954 aut
1332 1891 1411 1953 cele-

457 1991 553 2054 briori
593 1992 865 2077 phantasticarum
906 1989 1082 2074 imaginum
1123 1990 1307 2057 soecundior
1350 2005 1407 2057 est.

458 2096 523 2156 Res
537 2115 666 2178 quoque
676 2093 838 2156 interdum
849 2092 1060 2170 manifestius,
1071 2092 1234 2158 interdum
1248 2093 1411 2160 obscurius

456 2195 610 2280 aperitur,
632 2208 664 2259 et
686 2217 772 2258 nunc
794 2217 827 2257 se
848 2196 951 2280 ipsam
974 2193 1080 2257 animo
1102 2194 1231 2279 ingerit,
1254 2218 1339 2260 nunc
1362 2197 1410 2260 in-

457 2297 589 2362 timante
611 2297 673 2361 alio
696 2297 892 2362 declaratur:
925 2300 1034 2371 Quum
1052 2319 1127 2360 vero
1141 2296 1211 2360 luce
1225 2298 1409 2364 immediata

457 2399 592 2484 seipsam
616 2400 770 2480 infundit,
785 2399 865 2464 visio
879 2410 938 2479 est,
952 2422 993 2462 ex
1015 2422 1053 2462 eo
1075 2399 1161 2485 quod
1177 2398 1272 2486 plena
1286 2415 1318 2466 et
1333 2424 1408 2466 vera

457 2501 559 2587 specie
584 2502 646 2581 sui,
661 2503 762 2568 oculis
778 2501 925 2566 videatur
948 2524 1014 2565 esse
1036 2502 1199 2587 subjecta3
1231 2508 1325 2589 quale
1343 2518 1404 2580 est,

457 2603 546 2689 quod
570 2604 785 2672 Cassandrum
807 2604 935 2668 omnino
956 2627 1020 2668 non
1044 2606 1162 2682 visum,
1184 2627 1204 2668 a
1226 2629 1291 2692 quo
1314 2607 1408 2672 Alex-

454 2707 554 2771 ander
579 2708 693 2773 hausto
716 2729 836 2772 veneno
856 2706 1058 2794 perimendus
1080 2720 1158 2784 erat,
1173 2708 1313 2792 agnovit,
1328 2711 1406 2794 quia

454 2833 524 2876 eum
547 2811 638 2898 quies
658 2812 686 2874 ei
710 2823 1004 2897 repraesentaverat.
1050 2811 1150 2875 Porro
1171 2812 1326 2892 visionum
1344 2811 1407 2875 alia

455 2913 650 2978 manifestior
672 2927 730 2987 est,
752 2899 789 2978 ut
811 2937 886 2999 quae
908 2913 993 2977 clara
1014 2914 1059 2977 rei
1086 2915 1222 2980 occurrit
1248 2915 1403 2998 imagine3

454 3013 516 3076 alia
530 3014 767 3099 profundiorem
783 3013 941 3076 desiderat
952 3013 1160 3091 intellectum,
1174 3027 1211 3079 ut
1226 3039 1326 3102 quum
1339 3039 1405 3079 rem

455 3113 599 3177 admixta
613 3113 732 3199 species
746 3116 923 3198 figurarum
939 3112 1122 3185 obnubilat3
1145 3114 1227 3178 sicut
1242 3130 1301 3194 est,
1318 3117 1406 3203 quod

455 3215 492 3278 C.
509 3214 635 3279 Caesare
650 3211 783 3280 transito
797 3211 964 3277 Rubicone
978 3211 1099 3276 bellum
1113 3211 1226 3296 patriae
1240 3213 1407 3297 inferente,

455 3316 496 3382 ad
511 3314 742 3402 designandum
759 3328 912 3380 terrorem
931 3314 1061 3394 civium,
1076 3313 1133 3400 qui
1155 3327 1245 3379 erant
1260 3337 1317 3400 per
1332 3341 1406 3382 con-

454 3421 532 3486 civis
546 3420 695 3507 injuriam
711 3417 923 3505 opprimendi,

594 3528 692 3595 Ingens
703 3527 759 3578 visa
771 3525 838 3590 duci,
851 3525 942 3596 patriae
954 3523 1109 3594 trepidantis
1120 3523 1218 3592 imago,

453 3623 529 3686 duci
545 3645 604 3686 suo
623 3621 827 3692 denuncians,
844 3641 883 3681 ne
904 3618 1047 3682 concives
1066 3618 1163 3681 armis
1183 3619 1332 3686 civilibus
1346 3622 1404 3686 im-

453 3735 620 3808 pugnaret.
679 3719 806 3786 Publici
829 3742 967 3806 namque
993 3722 1099 3804 imago
1124 3721 1260 3807 imperii,
1284 3723 1405 3808 publici

452 3841 570 3903 metus,
592 3837 624 3889 et
648 3825 792 3890 Caesareo
814 3822 941 3886 nomine
963 3834 1134 3907 prostratae
1157 3823 1247 3888 urbis
1267 3837 1336 3888 erat
1356 3825 1404 3889 in-

453 3927 545 3992 dicio.
592 3925 684 4004 Quod
708 3924 733 3988 si
755 3923 879 4011 imperii
902 3923 1023 3988 nullam
1045 3924 1078 3986 ln
1103 3925 1247 4001 veritate,
1263 3949 1337 4011 quae
1358 3926 1402 3991 sic

452 4040 631 4115 appareret,
647 4026 782 4092 credidit
797 4025 870 4112 quis
885 4026 982 4090 fuisse
1003 4025 1184 4111 imaginem,
1198 4025 1402 4091 historiarum

452 4130 516 4194 fide
545 4129 777 4194 certiorabitur.
833 4130 941 4206 Quum
971 4129 1054 4191 enim
1084 4129 1282 4214 majestatem
1312 4131 1402 4194 urbis

451 4232 609 4320 principes
646 4230 762 4295 visibili
799 4231 903 4314 specie
940 4243 1131 4294 censuerunt
1174 4229 1401 4309 honorandam,

451 4334 610 4422 exquisito
637 4333 771 4398 artificio
801 4332 989 4396 muliebrem
1019 4333 1165 4411 formam,
1191 4356 1265 4418 quae
1291 4333 1400 4397 orbem
