3425 5367
443 711 508 771 200
701 716 838 763 ioannis
853 716 1131 763 saansaaaruusrs
1250 701 1331 784 [nm.
1347 721 1401 765 111.

448 872 640 958 dispositio.
684 869 782 934 Unde
804 870 883 933 licet
904 869 1003 933 invito
1027 881 1060 933 et
1079 873 1271 955 repugnanti
1294 875 1400 937 animo

446 979 633 1062 plerumque
654 972 799 1050 affluant,
820 993 877 1035 eor
896 982 1001 1035 tamen
1025 994 1186 1056 apponere
1204 975 1309 1038 fidelis
1330 977 1402 1059 phi-

446 1077 603 1160 losophus
622 1074 782 1157 probibet,
804 1083 837 1136 et
852 1073 964 1137 doctor
978 1075 1121 1155 gentium
1136 1097 1202 1154 eos,
1218 1077 1273 1160 qui
1288 1077 1400 1140 divites

446 1179 516 1242 fieri
532 1177 677 1261 eupiunt,
693 1175 728 1236 in
741 1175 893 1258 laqueum
915 1174 1048 1250 diaboli,
1064 1188 1096 1239 et
1117 1178 1299 1241 tentationis
1321 1178 1401 1242 dicit

447 1278 598 1343 incidere.
652 1277 697 1339 Et
718 1276 775 1359 qui
798 1287 933 1357 utroque
957 1275 1056 1359 major
1084 1289 1143 1355 est,
1172 1279 1400 1361 primogenitus

447 1389 657 1456 mortuorum,
678 1390 711 1441 et
725 1376 878 1461 princeps
895 1399 1005 1459 regum
1023 1388 1114 1442 terrae
1135 1380 1256 1458 asserit,
1278 1381 1351 1444 Deo
1371 1394 1403 1445 et

448 1484 642 1546 Mammonae
658 1478 753 1541 simul
768 1478 876 1540 serviri
892 1499 957 1540 non
973 1499 1078 1561 posse.
1123 1481 1284 1552 Quoniam

615 1647 741 1718 Imperat,
753 1652 798 1698 ant
809 1646 888 1698 servit
901 1645 1009 1700 collecta
1023 1648 1130 1718 pecunia
1141 1649 1243 1717 cuique.

452 1786 517 1850 Sed
533 1784 623 1848 diviti
638 1803 802 1864 nunquam
819 1781 924 1857 servit,
940 1791 996 1844 aut
1010 1803 1088 1844 raro.
1127 1783 1224 1847 Unde
1239 1785 1342 1868 liquet
1357 1785 1403 1849 di·

449 1887 530 1948 vites
538 1880 733 1968 frequentius
743 1882 874 1964 iniquos
883 1903 952 1943 esse
963 1904 1058 1965 quam
1071 1883 1205 1948 heredes
1214 1886 1402 1970 iniquorum.

450 1986 623 2060 Quomodo
638 2005 713 2064 ergo
728 1991 842 2064 regnat
862 1983 987 2061 caritas,
1007 1986 1063 2046 ubi
1085 1986 1239 2070 iniquitas
1260 1989 1404 2053 domina·

451 2087 525 2150 tur?
549 2085 671 2168 Utique
686 2083 775 2146 dives
790 2083 955 2145 familiaris
977 2106 1046 2147 esse
1063 2089 1164 2165 novit,
1185 2090 1308 2152 amicus
1323 2113 1405 2152 nun·

452 2208 558 2271 quarn,
581 2200 636 2247 aut
661 2204 739 2245 raro.
786 2183 851 2244 Hic
868 2196 975 2246 tamen
1000 2206 1065 2248 non
1093 2186 1134 2250 de
1157 2210 1207 2268 ec,
1231 2191 1286 2274 qui
1307 2192 1404 2256 habet

453 2287 590 2364 divitias,
605 2306 708 2348 sermo
724 2294 783 2360 est,
798 2283 855 2346 sed
873 2284 927 2366 qui
943 2295 1037 2348 amat.
1082 2288 1137 2349 Ex
1159 2291 1275 2372 quibus
1295 2292 1406 2376 liquet,

453 2391 529 2475 quia
550 2397 798 2473 quantacunque
813 2408 855 2449 ex
875 2386 1088 2452 familiaritate
1104 2393 1289 2473 potentioris
1304 2396 1405 2476 gratia

453 2493 605 2566 rideatur,
621 2488 806 2570 diligentem
818 2490 976 2552 cautelam
992 2491 1092 2572 exigit
1107 2491 1312 2558 subditorum.
1337 2497 1405 2559 Ali-

454 2597 531 2680 quin
543 2593 648 2658 omnis
659 2592 728 2677 ejus
737 2591 899 2668 illecebra,
909 2593 930 2623 “
940 2593 1014 2674 plus
1026 2595 1123 2672 aloes,
1133 2617 1228 2680 quam
1239 2599 1359 2668 mellis'’
1372 2600 1404 2662 in

453 2698 544 2762 exitu
556 2695 704 2759 habitura
715 2706 771 2756 est.
795 2695 838 2756 At
853 2694 986 2776 expedit
997 2697 1168 2777 plurimum
1184 2699 1225 2761 ad
1237 2721 1404 2764 successus

453 2821 522 2863 esse
531 2798 696 2863 conscium
709 2808 915 2860 secretorum.
932 2795 1072 2869 Quidni?
1086 2800 1276 2865 Reverentia
1282 2803 1408 2880 crescit,

454 2897 620 2964 invalescit
635 2897 817 2970 auctoritas,
829 2907 979 2960 arcentur
991 2897 1206 2973 incommoda,
1218 2903 1408 2986 proveniunt

452 3003 614 3074 utilitates,
658 2999 832 3060 amicorum
867 3010 1002 3078 augetur
1036 3022 1198 3079 numerus,
1233 3005 1406 3068 cultoribus

456 3100 583 3166 accedit
597 3099 735 3176 devotio,
757 3111 788 3160 et
803 3099 930 3160 fortuna
950 3101 1049 3163 totius
1069 3103 1177 3183 gratiae
1197 3126 1274 3178 suae,
1291 3117 1323 3168 et
1341 3106 1408 3169 seli-

455 3203 559 3268 citatis
588 3223 696 3264 auram
723 3199 849 3262 videtur
878 3201 1015 3264 beatulis
1041 3203 1203 3286 inspirare.
1249 3207 1407 3269 Uaeterum

453 3305 583 3368 istorum
600 3303 741 3366 omnium
757 3301 943 3382 norissima,
959 3305 1070 3392 quovis
1081 3305 1240 3367 absinthio
1252 3308 1408 3371 amariora

454 3419 538 3485 sunt,
550 3418 582 3470 et
592 3407 618 3470 si
628 3406 753 3468 interim
766 3427 830 3467 non
841 3417 1052 3479 amarescunt,
1057 3406 1175 3490 justam
1189 3403 1410 3472 amaritudinis

453 3512 573 3572 habent
601 3508 827 3589 suspicionem.
872 3509 939 3568 Res
970 3505 1127 3588 siquidem
1150 3507 1329 3588 periculosa
1351 3525 1409 3589 est,

454 3607 586 3669 divitum
602 3615 657 3666 aut
671 3615 836 3686 potentum
849 3605 1084 3666 communicare
1100 3605 1239 3668 secretis.
1285 3609 1408 3695 Siquid

454 3707 539 3770 enim
555 3706 602 3767 eis
616 3725 673 3786 per
687 3704 843 3766 incuriam
860 3704 938 3766 forte
954 3705 1100 3783 elabitur,
1122 3707 1185 3785 cui,
1200 3707 1262 3771 nisi
1278 3711 1408 3774 conscio

456 3803 660 3892 imponetur?
685 3804 780 3877 Quod
798 3805 997 3884 cubicularii,
1012 3819 1066 3870 aut
1077 3809 1257 3890 ciniflones,
1272 3812 1410 3890 mimive,

454 3924 509 3975 aut
538 3910 720 3994 quicunqne
743 3909 951 3986 nebulonum,
981 3910 1098 3991 quibus
1121 3911 1275 3976 delicatus
1305 3913 1410 3976 divitis

455 4032 579 4086 sensus,
603 4021 657 4071 aut
679 4010 765 4070 furor
787 4031 892 4072 carere
915 4031 980 4072 non
1004 4021 1120 4092 potest,
1142 4012 1175 4074 iu
1199 4014 1343 4096 lupanari
1360 4018 1410 4077 vel

453 4116 584 4178 taberna
596 4122 788 4192 sparserunt,
800 4120 855 4172 aut
865 4123 900 4173 ut
909 4132 942 4182 se.
951 4111 1156 4177 vendicarent
1166 4137 1185 4177 a
1196 4116 1408 4178 familiaritate
1480 4153 1484 4160 ·

453 4211 606 4297 potentis,
622 4209 863 4292 divulgaverunt
874 4211 908 4272 in
921 4213 1053 4293 popule,
1068 4213 1101 4274 in
1118 4212 1203 4276 illius
1216 4216 1408 4278 calumniam

451 4322 660 4396 retorquetur,
675 4312 730 4394 qui
752 4312 784 4373 in
801 4313 945 4376 consiliis
966 4313 1103 4394 aliquem
1129 4316 1236 4378 locum
1263 4317 1348 4380 risus
1364 4330 1412 4380 est
