3425 5367
435 735 498 795 298
699 748 834 795 marrus
850 747 1125 796 sanusnmunasrs
1261 726 1343 805 [ura.
1359 746 1388 789 v.

436 898 560 974 cedere,
585 898 664 965 dum
689 897 791 982 gratia
815 896 940 982 proficit
963 896 1004 963 ad
1027 896 1194 967 virtutem3
1221 894 1306 982 quia·
1318 895 1386 980 jam

435 1022 499 1066 uon
515 999 608 1068 timet
621 999 787 1075 serviliter,
802 1000 859 1086 qui
873 999 962 1065 filiali
977 999 1093 1063 affectu
1108 997 1148 1063 ed
1164 998 1386 1074 reverentiam,

434 1114 469 1167 et
482 1101 567 1167 bona
581 1123 677 1187 opera
695 1101 856 1189 incitatur.
903 1102 1047 1188 Semper,
1063 1100 1168 1188 inquit
1182 1100 1295 1165 beatus
1309 1100 1383 1177 Job,

434 1204 525 1291 qnasi
539 1215 701 1272 tumentes
714 1204 829 1272 fluctus
842 1226 938 1290 super
952 1227 1004 1269 me
1019 1204 1113 1272 timui
1129 1204 1248 1281 Deum,
1261 1214 1294 1267 et
1308 1226 1388 1289 pon·

435 1305 494 1373 dus
508 1306 578 1391 ejus
591 1308 674 1371 ferre
694 1328 758 1371 non
782 1305 881 1391 potui.
930 1305 1052 1393 Utique
1068 1329 1101 1371 se
1116 1328 1180 1372 non
1195 1304 1387 1393 quandoque

435 1408 514 1475 dicit
537 1408 690 1488 timuisse,
716 1408 773 1477 sed
798 1430 936 1494 semper,
960 1420 994 1475 et
1018 1431 1092 1475 eum
1119 1408 1297 1495 perfectum
1320 1431 1387 1475 esse

435 1532 498 1576 non
513 1511 651 1589 dubitas,
666 1511 719 1577 cui
732 1511 831 1597 ipsius
851 1510 984 1575 Domini
1006 1512 1198 1590 testimonio,
1215 1511 1263 1577 vir
1277 1510 1387 1577 similis

433 1635 497 1681 nou
513 1613 629 1683 eratin
644 1623 738 1681 terre.
776 1613 846 1678 Nec
865 1635 940 1677 eum
955 1626 1045 1679 metu
1060 1636 1238 1700 poenarum,
1255 1614 1385 1681 caritate

434 1714 582 1795 deducta,
603 1714 756 1784 credibile
778 1725 828 1781 est
848 1737 868 1779 a
890 1714 982 1783 malis
1004 1726 1208 1801 temperasse,
1232 1738 1330 1803 quem
1352 1714 1385 1779 in

434 1814 629 1901 perfectione
639 1814 773 1901 justitiae
784 1814 881 1881 fuisse
896 1837 959 1879 non
972 1816 1108 1901 ambigis
1120 1828 1386 1905 consummatum.

433 1918 506 1983 Jam
529 1918 562 1982 in
584 1917 862 1985 commendatione
888 1918 1010 1985 timoris
1036 1942 1140 1985 sermo
1166 1919 1327 2005 processit,
1354 1930 1387 1983 et

433 2021 577 2086 nondum
600 2020 747 2098 innotuit,
764 2020 843 2108 quid
865 2022 905 2085 sit
927 2022 1031 2089 timor.
1079 2022 1143 2089 Sed
1166 2022 1289 2087 utinam
1310 2043 1386 2085 con-

433 2122 522 2189 sistat
535 2122 569 2189 in
584 2122 690 2197 corde,
707 2122 798 2206 cujus
812 2122 985 2208 appellatio
1000 2122 1093 2187 toties
1108 2133 1250 2190 versatur
1271 2122 1304 2185 in
1319 2144 1383 2189 ore.

435 2224 468 2289 Si
483 2223 570 2288 enim
585 2234 728 2288 mentem
742 2222 797 2291 ille
812 2224 964 2309 tetigerit,
973 2225 1082 2309 lingua
1097 2224 1264 2301 efficacius,
1276 2235 1310 2288 et
1324 2223 1384 2289 sibi

433 2325 589 2391 salubrius
607 2326 791 2411 disputabit.
840 2326 924 2391 Nam
946 2327 979 2391 in
1002 2349 1056 2393 ore
1078 2326 1195 2393 frustra
1215 2326 1385 2393 volvuntur

433 2428 539 2507 verba,
560 2428 587 2493 si
606 2428 731 2494 virtutis
752 2429 907 2494 deficiunt
928 2451 1034 2515 opera.
1081 2428 1139 2495 Est
1160 2440 1267 2493 autem
1290 2428 1386 2513 timor

434 2532 509 2614 Dei,
526 2531 608 2597 sicut
628 2531 830 2597 beatissimus
855 2532 943 2617 Papa
966 2532 1141 2617 Gregorius
1163 2532 1285 2615 asserit,
1305 2531 1384 2600 nihil

432 2657 542 2701 eorum
558 2656 632 2721 quac
646 2635 771 2719 agenda
785 2645 870 2714 sunt,
886 2635 1141 2721 praetermittere.
1188 2636 1260 2703 Hoc
1275 2635 1386 2722 utique

432 2736 696 2821 pretermittitur,
720 2738 808 2824 quod
833 2760 894 2805 uec
918 2759 1026 2823 opere,
1051 2760 1112 2803 nec
1137 2736 1301 2803 voluntate
1325 2736 1385 2801 im-

432 2838 547 2924 pletur.
591 2840 756 2927 Quicquid
783 2841 871 2911 eninr
899 2841 954 2917 vis,
980 2853 1015 2907 et
1043 2863 1107 2905 non
1137 2851 1238 2926 potes,
1264 2839 1385 2905 lactum

433 2944 523 3010 Deus
549 2954 685 3028 reputat,
708 2966 748 3009 eo
771 2944 857 3031 quod
877 2943 1023 3011 voluntas
1044 2943 1140 3030 plena
1161 2944 1258 3011 totius
1284 2942 1387 3029 operis

432 3046 614 3111 mercedem
629 3047 843 3133 consequitur.
892 3047 1025 3117 Certum
1041 3058 1089 3113 est
1104 3057 1224 3129 autem,
1239 3047 1315 3134 quia
1329 3047 1385 3134 qui

434 3146 542 3211 Deum
564 3145 667 3227 timet,
682 3146 761 3211 nibil
783 3147 927 3232 negligit,
944 3157 977 3211 et
999 3147 1084 3212 bona
1098 3146 1184 3214 facit.
1230 3148 1296 3222 Qui
1312 3170 1386 3213 vero

432 3248 603 3333 diligenter
627 3248 735 3317 omnia
760 3249 940 3335 investigat,
965 3260 999 3315 et
1024 3250 1158 3335 cognitis
1183 3250 1286 3327 rebus,
1311 3270 1385 3336 quoe

431 3362 507 3417 sunt
530 3351 666 3436 agenda,
688 3352 868 3439 exequitur,
891 3350 1101 3437 proculdubio
1126 3350 1250 3437 sapiens
1271 3359 1329 3426 est,
1353 3360 1386 3415 et

431 3452 612 3539 aptissimus
630 3451 769 3521 consiliis
789 3451 982 3539 principum,
998 3457 1070 3533 [sou
1085 3474 1105 3517 a
1118 3450 1304 3538 praelatione
1320 3471 1385 3515 non

432 3564 481 3617 est
501 3554 669 3634 arcendus,
690 3552 716 3617 si
737 3574 863 3619 morum
887 3553 1042 3641 gravitate
1069 3552 1271 3637 illustratur]
1317 3552 1386 3617 Ubi

431 3666 522 3723 tanta
548 3677 674 3724 morum
703 3654 840 3739 gravitas
868 3654 1055 3733 innotuerit,
1088 3666 1217 3726 aetatem
1247 3654 1386 3743 corporis

432 3759 548 3825 frustra
561 3758 695 3847 quisque
711 3753 867 3824 causatur.
914 3758 979 3823 Hic
994 3770 1043 3826 est
1058 3760 1145 3825 enim
1161 3782 1270 3840 senex,
1286 3780 1383 3847 quem

431 3858 685 3947 praeeligendum
723 3857 871 3943 consiliis,
900 3858 1066 3947 sapientiae
1102 3860 1224 3927 monita
1259 3858 1386 3923 docent.

434 3962 491 4029 Ait
517 3964 622 4029 enim:
657 3962 813 4027 Senectus
837 3960 1028 4029 venerabilis
1053 3972 1111 4038 est,
1136 3983 1199 4027 non
1225 3960 1387 4043 diuturna,

432 4088 537 4151 neque
558 4086 692 4130 numero
715 4086 872 4132 annorum
896 4074 1088 4150 computata.
1140 4062 1251 4127 Gloria
1273 4084 1386 4129 senum

432 4168 575 4234 canities.
608 4167 690 4232 Cani
705 4179 779 4231 sunt
794 4189 904 4233 sensus
919 4167 1066 4245 hominis,
1077 4178 1110 4231 et
1122 4178 1200 4233 aetas
1215 4167 1388 4233 senectutis

432 4272 496 4337 vita
512 4268 726 4338 immaculata.
761 4276 882 4337 Beatus
897 4270 991 4357 plane
1007 4269 1062 4356 qui
1078 4269 1160 4335 hanc
1175 4270 1389 4356 apprehendit

432 4387 573 4451 etatem,
590 4384 626 4437 ut
641 4372 681 4437 de
698 4374 881 4439 innocentia
897 4374 981 4453 vitae,
998 4374 1202 4441 conscientiae
1218 4396 1284 4439 suae
1301 4372 1390 4441 testi·
