3425 5367
471 682 514 743 78
735 696 872 741 sossius
887 697 1164 743 sarrsasnrrssrs
1286 686 1369 762 [arn.
1385 706 1423 751 11.

520 972 600 1060 Cap.
619 980 668 1038 ll.
691 976 796 1059 Siqua
811 996 878 1041 esse
891 984 1089 1057 quocontra
1103 985 1375 1064 nuturumfiunt.

513 1139 598 1211 Quas
615 1157 691 1199 vero
711 1133 897 1219 hujusmodi
913 1146 1045 1219 stupore
1066 1134 1165 1219 digua
1178 1136 1212 1199 in
1233 1137 1282 1200 his
1300 1142 1426 1205 contin·

469 1252 563 1325 gunt,
591 1237 780 1323 plerumque
809 1236 901 1318 signa
925 1259 992 1299 esse
1017 1258 1080 1299 non
1108 1238 1254 1325 ambigit,
1278 1241 1428 1327 quisquis

469 1340 659 1426 evangelicae
670 1338 886 1425 promissionis
895 1337 1033 1403 fideliter
1047 1340 1202 1416 meminit,
1211 1364 1314 1427 quum
1325 1345 1427 1430 scrip-

470 1456 538 1509 tum
554 1444 614 1509 sit:
642 1444 751 1505 Erunt
766 1441 858 1525 signa
871 1440 904 1503 in
920 1440 1005 1523 Sole,
1018 1454 1052 1505 et
1072 1445 1178 1519 Luna,
1192 1456 1226 1507 et
1240 1443 1350 1522 stellis,
1364 1446 1424 1513 &c

469 1550 522 1613 Ea
547 1558 652 1611 tamen
675 1565 748 1629 quae
773 1543 824 1607 liic
848 1543 1120 1628 praenunciantur,
1146 1545 1213 1608 sine
1237 1548 1426 1633 praejudicio

470 1647 635 1715 sententie
656 1646 807 1723 melioris,
828 1667 867 1709 ea
892 1644 1099 1729 intelligenda
1123 1646 1273 1725 arbitror,
1295 1674 1368 1735 quae
1391 1651 1424 1715 in

470 1750 520 1815 his
534 1764 645 1815 contra
658 1761 804 1815 naturam
819 1750 920 1822 fiunt;
947 1748 1042 1833 quale
1063 1762 1110 1813 est
1126 1749 1214 1834 qnod
1231 1751 1266 1814 in
1280 1753 1425 1836 passione

471 1854 602 1918 Domini
634 1852 687 1915 Sol
715 1850 904 1914 obscuratus
933 1862 992 1925 est,
1018 1850 1124 1914 velum
1153 1851 1297 1934 missum,
1325 1868 1426 1941 petrae

470 1967 588 2040 ruptae,
603 1966 714 2039 aperta
735 1965 949 2027 monumenta,
964 1962 998 2013 et
1017 1967 1199 2017 sanctorum
1222 1978 1355 2041 corpora
1367 1962 1426 2043 qui

470 2054 664 2118 dormierant
695 2064 914 2117 surrexerunt.
959 2053 1125 2117 Naturalis
1152 2057 1270 2119 etenim
1299 2058 1425 2145 eclipsis

470 2178 536 2221 esse
547 2178 609 2219 non
622 2155 739 2241 potuit,
748 2178 823 2241 quae
832 2154 956 2218 lunaris
967 2157 1244 2243 corporisobjectu
1256 2159 1425 2247 contingit,

470 2280 567 2343 quum
588 2270 710 2321 constet
729 2256 832 2342 pridie
855 2257 983 2321 Lunam
1006 2280 1066 2322 xlv
1086 2259 1238 2338 extitisse,
1259 2261 1319 2325 nisi
1341 2264 1426 2329 forte

470 2360 544 2447 quis
559 2359 599 2424 de
621 2359 759 2425 Judaica
781 2360 916 2446 perfidia
934 2361 1168 2427 incredulitatis
1187 2387 1252 2428 suae
1274 2366 1424 2430 solatium

469 2473 651 2535 mutuetur;
674 2484 815 2526 asserens
826 2484 898 2525 cum
915 2462 960 2525 eis
975 2467 1131 2527 Venerem
1144 2476 1222 2528 tunc
1233 2467 1267 2529 in
1279 2466 1426 2553 ecliptica

470 2563 553 2628 linea
567 2565 634 2631 Soli
654 2564 751 2629 fuisse
774 2567 964 2652 oppositam,
980 2589 1055 2651 qnoe
1077 2566 1208 2651 quidem
1231 2591 1346 2655 magna
1365 2586 1423 2646 est,

469 2676 502 2731 et
517 2678 553 2731 ut
569 2666 720 2753 astrologi
742 2668 887 2747 tradunt,
900 2667 967 2731 sola
981 2668 1022 2732 de
1045 2670 1188 2755 quinque
1208 2670 1366 2736 sideribus
1383 2672 1424 2737 de

469 2781 562 2834 nocte
585 2768 731 2833 umbram
751 2768 792 2833 de
814 2792 846 2833 se
869 2769 999 2845 emittit,
1022 2782 1058 2835 ut
1082 2770 1188 2834 Luna.
1233 2772 1328 2848 Quod
1347 2772 1425 2858 quia

469 2894 526 2935 nec
548 2872 630 2937 ratio
651 2872 778 2956 probat,
794 2894 851 2935 nec
873 2870 1058 2948 auctoritas,
1073 2885 1130 2937 aut
1153 2872 1234 2937 fides
1255 2874 1424 2960 approbat,

469 2973 659 3058 repudiatur
682 2987 718 3036 ut
741 2972 844 3037 futile.
892 2974 927 3036 Si
948 2974 1033 3037 enim
1058 2973 1140 3037 adeo
1161 2977 1355 3042 luminosum
1376 2990 1425 3041 cst

469 3073 600 3138 Veneris
611 3094 737 3155 corpus,
752 3071 915 3156 quomodo
930 3085 1035 3136 tantas
1050 3074 1135 3157 parit
1152 3075 1321 3141 tenebras?
1344 3081 1424 3143 Dio·

469 3176 579 3259 nysius
594 3170 789 3257 Areopagita
803 3171 835 3235 in
852 3171 999 3258 Epistola
1012 3174 1056 3237 ad
1071 3171 1286 3257 Polycarpum
1302 3180 1426 3257 scribit,

470 3299 503 3341 se
518 3288 550 3341 et
565 3275 673 3363 plures
687 3273 765 3339 alios
784 3273 1046 3362 philosophantes
1066 3288 1142 3339 tunc
1162 3272 1279 3339 vidisse
1295 3276 1426 3344 Lunam

470 3378 538 3447 Soli
563 3378 764 3445 incidentem.
809 3380 855 3442 Et
880 3378 1010 3464 quidem
1037 3389 1149 3442 contra
1173 3388 1333 3455 naturam,
1358 3401 1426 3445 non

468 3484 552 3547 enim
568 3490 636 3545 erat
650 3483 753 3544 coitus
768 3492 904 3565 tempus.
946 3478 1041 3556 Quod
1056 3479 1085 3542 ei
1101 3478 1305 3565 postmodum
1323 3481 1426 3547 Panlo

468 3583 673 3669 praedicante,
683 3580 896 3643 conversionis
907 3580 996 3644 dedit
1006 3580 1211 3662 occasionem.
1236 3582 1309 3646 Scio
1318 3595 1425 3648 tamen

469 3685 575 3772 plures
589 3682 682 3746 aliter
705 3694 782 3745 tunc
805 3681 976 3767 loquutos;
1006 3682 1062 3746 sed
1077 3683 1270 3769 Dionysium
1288 3685 1426 3771 praefero

469 3782 635 3859 universis,
664 3781 740 3867 quia
769 3781 859 3868 quod
888 3782 980 3863 vidit,
1010 3784 1155 3870 scripsit,
1194 3785 1249 3849 alii
1278 3786 1425 3873 proprias

468 3898 648 3973 sequuntur
669 3884 843 3971 opiniones.
887 3886 969 3949 Sunt
993 3899 1098 3951 autem
1122 3889 1213 3972 signa
1234 3886 1425 3974 plerumque

468 4012 530 4052 non
557 3985 652 4050 modo
674 3985 875 4063 universalia,
901 3987 956 4051 sed
983 4000 1015 4053 et
1040 3989 1211 4073 generalia,
1234 3989 1318 4053 sicut
1342 3988 1425 4054 illud

467 4087 556 4175 quod
571 4087 643 4149 Deo
657 4084 809 4150 moriente
825 4087 964 4154 tenebrae
979 4088 1073 4153 factae
1088 4102 1163 4155 sunt
1175 4112 1232 4177 per
1246 4089 1424 4153 universam

468 4204 597 4269 terram,
611 4188 652 4251 ab
668 4187 745 4251 hora
760 4200 850 4252 sexta
866 4189 1022 4275 usquead
1039 4213 1168 4264 nonam,
1183 4204 1216 4257 et
1232 4190 1319 4277 quod
1335 4190 1427 4256 ineis

468 4289 657 4380 particulare
686 4304 745 4369 est,
776 4302 832 4353 aut
862 4290 969 4354 minus
1000 4294 1189 4370 universale,
1216 4293 1425 4377 capacitatem
