3425 5367
426 704 490 763 802
681 716 817 763 somnus
835 714 1112 762 sanussmuansrs
1247 698 1329 771 [ma.
1345 714 1375 757 v.

425 878 548 932 constet
570 888 638 932 esse
664 868 827 933 obnoxia?
865 866 938 930 Non
968 886 1060 951 opus,
1083 884 1144 929 nou
1169 882 1281 943 sermo,
1303 884 1377 949 gra-

427 969 531 1035 tuitus
552 978 611 1048 est,
633 990 695 1033 non
719 980 843 1035 tacetur
866 968 925 1031 nisi
949 970 990 1033 ad
1013 966 1163 1052 pretium.
1209 964 1376 1031 Silentium

425 1092 566 1157 namque
589 1092 639 1136 res
663 1071 781 1136 venalia
807 1083 865 1135 est.
912 1070 984 1133 Hoc
1008 1070 1091 1135 forte
1116 1092 1136 1135 a
1161 1068 1377 1133 Demosthene

425 1170 1377 1260 acceperuut,quiquumAristodemumactoremfabularum

427 1274 660 1360 interrogasset,
674 1288 831 1361 quantum
848 1274 1001 1338 mercedis
1017 1276 1065 1337 uti
1077 1286 1185 1357 ageret
1197 1275 1378 1357 accepisset,

426 1388 458 1441 et
474 1376 720 1463 responderetur
739 1377 769 1440 ei
784 1376 958 1441 talentum:
983 1379 1025 1439 At
1046 1398 1116 1461 ego,
1133 1374 1240 1460 inquit
1262 1376 1378 1437 Demo-

427 1477 564 1555 sthenes,
587 1476 661 1563 plus
683 1477 790 1563 accepi
818 1488 854 1541 ut
879 1490 1024 1541 tacerem.
1070 1475 1311 1543 causidicorum
1339 1473 1379 1536 si-

428 1577 561 1664 quidem
582 1590 629 1641 est
648 1576 758 1662 lingua
778 1576 956 1658 damnifica,
972 1577 1031 1641 nisi
1052 1600 1133 1655 earn,
1148 1590 1186 1641 ut
1209 1576 1272 1641 dici
1288 1575 1379 1651 solet,

429 1679 562 1744 funibus
584 1679 742 1763 argenteis
761 1678 888 1743 vincias.
935 1682 1003 1743 Nec
1026 1702 1127 1743 unum
1149 1678 1210 1741 nisi
1226 1679 1308 1741 forte
1324 1698 1379 1763 po-

429 1780 626 1845 tentissimus
646 1780 697 1859 sit,
712 1780 836 1866 proficit
857 1780 1029 1867 illaqueare
1044 1780 1242 1853 muneribus,
1257 1781 1333 1863 quia
1347 1781 1379 1842 in

429 1905 496 1968 quo
526 1886 621 1947 unius
650 1881 710 1946 tibi
740 1882 929 1947 conciliatur
958 1883 1072 1967 grstia,
1099 1882 1233 1946 aliorum
1262 1880 1381 1945 invidia

431 1984 618 2048 concitatur.
678 1983 746 2049 Sibi
785 2006 923 2070 namque
953 1997 1146 2071 praereptum
1174 1983 1382 2058 arbitrantur,

432 2084 518 2169 quod
534 2083 604 2147 aliis
614 2098 775 2167 erogatur.
814 2088 888 2148 Hoc
900 2099 1004 2149 autem
1021 2110 1040 2149 a
1056 2085 1203 2150 maximis
1213 2088 1383 2170 pertransit

430 2184 471 2247 ad
487 2184 644 2263 minimos,
658 2183 715 2269 qui
738 2184 798 2247 nisi
819 2186 1021 2251 mulceantur
1040 2187 1213 2273 obsequiis,
1230 2198 1261 2251 et
1281 2186 1382 2249 refici-

431 2296 527 2348 antur
541 2284 739 2363 muneribus,
754 2284 813 2349 sibi
828 2286 897 2349 fieri
912 2288 1061 2373 injuriam
1078 2290 1290 2374 suspicantur.

537 2393 659 2446 Maxima
670 2409 779 2463 quoeque
792 2395 883 2448 domus
896 2398 977 2449 servis
990 2402 1031 2449 est
1041 2396 1119 2468 plena
1131 2398 1256 2468 superbis,

430 2502 463 2555 et
493 2490 602 2554 eadem
632 2490 758 2575 cupidis
787 2492 883 2578 plena
912 2506 959 2556 est
985 2510 1017 2557 et
1042 2492 1155 2557 avaris.
1201 2491 1253 2556 llli
1278 2503 1382 2555 tamen

431 2591 637 2677 perniciosius
651 2605 765 2657 nocent
780 2592 864 2655 inter
879 2614 986 2656 omnes
1003 2590 1111 2655 Guriae
1126 2605 1309 2676 nugatores,
1327 2589 1382 2676 qui

432 2695 492 2759 sub
508 2707 666 2780 praetextu
682 2694 866 2774 honestatis,
881 2707 912 2757 et
938 2694 1147 2769 liberalitatis
1163 2694 1297 2758 miseriae
1317 2715 1383 2757 suae

432 2796 533 2886 solent
555 2797 691 2883 ineptias
713 2796 864 2875 colorare,
879 2797 936 2881 qui
956 2798 1120 2862 nitidiores
1141 2796 1305 2876 incedunt,
1327 2795 1383 2880 qui

432 2896 632 2985 splendidius
652 2896 834 2983 epulantur,
851 2898 907 2984 qui
927 2902 1089 2983 propriam
1107 2899 1148 2963 ad
1171 2920 1311 2962 mensam
1328 2920 1384 2961 sae·

434 3002 505 3083 pius
520 3011 687 3064 extraneos
697 2998 893 3084 compellunt
905 3000 1063 3079 accedere,
1074 2998 1276 3063 humaniores
1287 2998 1383 3071 domi,

433 3098 512 3161 foris
526 3099 737 3183 benigniores,
753 3099 945 3164 affabiliores
959 3103 991 3164 in
1007 3120 1161 3176 sermone,
1176 3098 1338 3163 liberiores
1352 3097 1384 3160 in

435 3200 608 3280 sententiis,
622 3198 654 3263 in
676 3201 896 3287 proximorum
917 3202 1006 3266 cultu
1029 3202 1180 3279 munifici,
1196 3214 1228 3266 et
1243 3200 1382 3264 omnium

435 3301 592 3367 virtutum
613 3304 790 3369 imitatione
812 3306 966 3391 praeclari.
1012 3308 1061 3371 Ut
1078 3306 1221 3369 enimait
1241 3302 1382 3368 ethicus:

436 3404 537 3468 totius
551 3404 717 3491 injustitiae
729 3406 818 3469 nulla
829 3420 877 3470 est
893 3406 1068 3491 capitalior,
1081 3428 1174 3493 quam
1190 3426 1312 3477 eorum,
1329 3402 1385 3489 qui

437 3527 538 3589 quum
561 3507 699 3571 maxime
720 3508 896 3593 decipiunt,
910 3508 944 3571 id
967 3522 1076 3593 agunt,
1093 3521 1129 3571 ut
1151 3508 1226 3571 boni
1241 3506 1302 3569 viri
1323 3526 1389 3569 esse

439 3606 615 3671 videantur.
662 3610 725 3672 His
747 3609 861 3693 utique
883 3624 915 3674 et
938 3610 1068 3675 virtutis
1094 3610 1208 3673 umbra
1228 3610 1385 3673 licentiam

435 3708 524 3788 facit,
538 3720 570 3773 et
586 3708 671 3773 unde
685 3712 739 3773 vix
762 3722 947 3796 oportuerat
968 3716 1088 3797 sperari
1103 3716 1239 3787 veniam,
1255 3710 1385 3797 gloriam

435 3821 661 3895 assequuntur.
709 3811 848 3874 Possunt
871 3810 1001 3897 impune
1023 3813 1162 3897 plurima
1187 3826 1387 3896 extorquere,

435 3912 491 3996 qui
503 3932 602 3997 parvo
611 3934 674 3975 non
686 3925 832 3996 possunt,
839 3912 904 3975 imo
915 3934 978 3975 non
986 3912 1386 3997 dignanturessecontenti.

436 4014 557 4075 Notum
573 4011 703 4096 quidem
719 4025 779 4088 est,
795 4025 827 4076 et
842 4013 987 4097 generale
1004 4013 1220 4099 proverbium,
1238 4013 1315 4097 quia

543 4120 644 4171 Serviet
654 4124 788 4186 ueternum,
801 4123 845 4189 qui
856 4140 935 4194 parvo
946 4124 1046 4175 nesciet
1058 4122 1105 4175 uti.

439 4218 490 4279 Ne
521 4226 625 4278 tamen
654 4235 727 4280 cum
758 4216 808 4281 his
838 4240 888 4281 me
917 4217 1033 4282 bellum
1060 4216 1254 4281 inexorabile
1280 4240 1388 4302 gerere

436 4330 541 4402 putes,
564 4338 696 4381 munera
723 4319 856 4384 curiales
881 4320 1012 4383 licenter
1036 4318 1203 4404 accipiant,
1227 4320 1304 4386 dum
1328 4342 1389 4383 non
