3425 5367
426 721 490 778 218
674 733 812 777 rossam
826 732 1106 777 saansaanransrs
1142 787 1148 794 ,
1237 713 1321 794 [mn.
1336 735 1380 778 rv.

428 883 495 957 Qui
518 906 594 948 vero
617 907 687 948 earn
713 898 861 970 usurpat,
881 886 958 969 jura
982 883 1144 970 deprimit,
1168 897 1200 948 et
1222 884 1380 950 voluntati

425 1010 494 1050 sure
513 986 601 1071 leges
620 986 794 1051 submittit.
838 989 879 1050 In
900 1009 974 1049 eum
994 1009 1072 1070 ergo
1085 988 1200 1051 merito
1213 1001 1379 1051 armantur

421 1089 512 1174 jura,
526 1089 583 1173 qui
598 1088 685 1174 leges
703 1103 859 1166 exarmat,
872 1103 906 1152 et
928 1087 1058 1172 publica
1079 1101 1219 1173 potestas
1233 1092 1324 1153 savit
1346 1090 1378 1151 in

427 1213 515 1266 eum,
525 1192 585 1277 qui
595 1213 751 1255 evacuare
758 1191 874 1254 nititur
886 1189 1046 1276 publicam
1059 1212 1197 1254 manum.
1220 1191 1265 1254 Et
1277 1213 1379 1275 quum

426 1293 529 1356 multa
543 1293 607 1357 sint
625 1293 758 1358 crimina
770 1292 959 1378 majestatis,
974 1291 1097 1356 nullum
1119 1293 1250 1376 gravius
1266 1305 1314 1356 est
1329 1315 1378 1370 eo,

426 1395 514 1482 quod
529 1396 682 1460 adversm
694 1399 801 1481 ipsum
816 1417 934 1479 corpus
944 1395 1081 1478 justitiae
1095 1407 1269 1458 exercetur.
1311 1397 1379 1479 Ty-

426 1499 534 1562 rannis
547 1521 626 1581 ergo
639 1521 702 1560 uon
721 1497 819 1561 modo
839 1497 1007 1582 publicum
1031 1500 1160 1576 crimen,
1176 1495 1244 1570 sed,
1260 1495 1286 1558 si
1308 1493 1378 1558 fieri

425 1615 542 1685 posset,
568 1600 764 1686 plusquam
788 1599 953 1686 publicum
979 1611 1038 1662 est.
1087 1599 1119 1661 Si
1149 1598 1232 1661 enim
1258 1598 1377 1661 crimen

426 1705 603 1789 majestatis
612 1727 722 1768 omnes
731 1717 976 1790 persequutores
986 1701 1270 1786 admittit,quanto
1279 1699 1380 1785 magis

426 1805 518 1882 illud,
533 1807 621 1892 quod
636 1806 722 1891 leges
735 1807 864 1892 premit,
879 1829 954 1890 quae
968 1804 1047 1890 ipsis
1068 1803 1185 1867 debent
1207 1804 1379 1888 imperato·

426 1908 517 1972 ribus
529 1910 709 1994 imperare?
738 1911 835 1971 Certe
849 1908 972 1970 bostem
987 1906 1152 1993 publicum
1169 1928 1260 1968 nemo
1283 1905 1375 1968 ulcis-

425 2010 522 2086 citur,
532 2023 566 2074 et
580 2011 729 2096 quisquis
739 2033 813 2073 eum
827 2033 891 2072 non
906 2010 1119 2094 persequitur,
1130 2007 1161 2070 in
1178 2007 1328 2091 seipsum,
1341 2017 1373 2068 et

393 2111 461 2242 Rip
476 2123 580 2177 totum
595 2110 780 2197 reipublicae
793 2112 965 2175 mundanae
978 2133 1094 2195 empus
1108 2107 1273 2192 delinquit.

704 2595 846 2658 LIBER
869 2594 1093 2666 QUARTUS.

809 2795 990 2839 PROLOGUS.

467 2925 590 2985 Annua
608 2921 739 3006 quidem
762 2943 811 2983 res
832 2933 893 2995 est,
907 2919 1064 3004 professio
1084 2917 1238 2994 veritatis,
1254 2931 1285 2982 et
1302 2941 1375 3004 quae

425 3018 658 3083 incursantibus
677 3041 821 3080 errorum
843 3019 994 3096 tenebris,
1007 3030 1064 3080 aut
1087 3017 1280 3101 negligentia
1302 3041 1374 3104 pro-

424 3118 543 3181 fitentis
567 3117 822 3202 frequentissime
848 3119 992 3180 vitiatur.
1040 3118 1127 3193 Quid
1153 3118 1238 3181 enim
1264 3141 1375 3183 verum

422 3219 475 3293 sit,
500 3218 574 3304 quis
598 3231 684 3282 recte
707 3221 868 3282 examinat
893 3219 987 3282 rebus
1012 3218 1206 3302 incognitis?
1250 3221 1375 3282 Notitia

422 3332 530 3385 autem
545 3343 663 3401 rerum,
676 3344 715 3383 eo
734 3320 823 3404 quod
839 3319 906 3382 vias
926 3341 987 3381 non
1010 3319 1120 3402 dirigit
1136 3323 1374 3402 contemptoris,

418 3424 557 3509 justitiae
581 3423 707 3486 aculeos
734 3423 902 3485 exacerbat
931 3423 963 3483 in
993 3441 1119 3504 poenam
1150 3417 1374 3506 delinquentis.

384 3533 396 3543 ’”
424 3526 486 3589 Est
501 3548 578 3608 ergo
592 3526 714 3608 primus
725 3519 970 3608 philosophandi
984 3519 1111 3601 gradus,
1123 3541 1240 3603 genera
1254 3545 1374 3601 rerum,

418 3621 699 3710 'proprietatesque
723 3621 893 3695 discutere,
924 3633 960 3681 ut
987 3618 1143 3704 quicquid
1172 3620 1206 3684 in
1241 3623 1376 3710 singulis

423 3745 535 3789 verum
550 3724 603 3800 sit,
613 3720 787 3808 prudenter
801 3730 960 3804 agnoscat.
990 3718 1167 3801 Secundus,
1184 3737 1219 3788 ut
1236 3726 1373 3810 quisquc

423 3825 457 3891 id
467 3823 715 3911 veritatis,quod
727 3821 755 3886 ei
763 3819 916 3897 illuxerit,
925 3817 1061 3883 fideliter
1070 3837 1267 3908 assequatur.
1292 3827 1374 3888 Haec

422 3945 529 3996 autam
547 3925 837 4015 philosophantium
855 3934 964 3999 atrata,
980 3919 1027 3984 illi
1043 3923 1100 3990 soli
1116 3927 1226 4010 pervia
1241 3940 1300 4001 est,
1317 3927 1373 4012 qui

422 4033 463 4095 de
478 4055 577 4116 regno
591 4029 739 4095 vanitatis
752 4023 927 4115 proclamat
947 4023 979 4088 in
996 4023 1185 4107 libertatem,
1201 4051 1266 4112 qua
1279 4029 1372 4092 liberi

423 4133 516 4210 fiunt,
542 4153 622 4215 quos
648 4131 763 4194 veritae
793 4127 951 4203 liberavit,
979 4138 1010 4188 et
1037 4126 1164 4212 spiritui
1193 4129 1373 4208 servientes,

422 4230 502 4294 colla
513 4231 595 4315 jugo
611 4225 787 4313 iniquitatis
801 4240 833 4290 ct
848 4225 1014 4310 injustitiae
1030 4225 1266 4293 subduxerunt.
1310 4229 1373 4294 Ubi

424 4332 506 4396 enim
534 4329 665 4415 spiritus
692 4329 763 4407 Dei,
789 4327 833 4392 ibi
862 4327 1011 4401 libertas3
1045 4341 1214 4412 metusque
1242 4330 1375 4408 servilis,
