3425 5367
311 770 381 814 csr.
398 751 474 830 nn]
677 765 933 813 sourcusncus
1206 755 1269 813 259

310 939 433 1000 noceas,
451 930 483 984 ct
505 941 544 982 ex
568 916 671 983 officio
690 917 897 984 humanitatis
918 917 1087 1004 prohibeas
1108 931 1263 985 nocentes.

310 1021 418 1097 Quum
429 1039 617 1097 veronoces,
627 1020 971 1107 accedisadiujuriam.
995 1018 1102 1098 Quum
1114 1033 1262 1086 nocentes

308 1141 371 1183 uon
393 1120 539 1206 impedis,
560 1119 727 1208 injustitiae
748 1120 921 1186 famularis.
967 1121 1029 1185 Est
1054 1133 1162 1186 autem
1184 1141 1258 1186 con-

308 1223 449 1297 tumelia,
464 1222 594 1308 quando
616 1237 771 1288 tumorem
793 1223 909 1288 mentis
923 1221 957 1286 in
979 1219 1106 1288 laesione
1127 1222 1259 1290 alterius

307 1323 477 1390 manifesta
490 1324 596 1410 operis
610 1325 738 1411 sequela
751 1324 931 1390 comitatur.
968 1326 1083 1410 quue
1097 1325 1259 1412 iniquitati

306 1425 414 1505 servit,
439 1426 528 1513 qnod
553 1425 585 1491 io
612 1444 697 1506 eum,
718 1425 770 1490 cni
794 1425 971 1490 reverentia
993 1445 1053 1512 pro
1078 1423 1259 1492 conditione

306 1526 400 1592 officii
415 1529 466 1593 rel
480 1539 605 1594 naturas
626 1529 787 1594 consortio
808 1528 955 1609 debetur,
969 1527 1141 1593 insolenter
1154 1528 1258 1595 insur-

304 1629 363 1716 git.
393 1619 498 1695 Dolus
509 1638 617 1696 autem
628 1639 676 1694 est
689 1632 735 1710 (ut
747 1629 864 1694 diffluit
877 1617 1041 1714 Aquilius)
1054 1649 1155 1715 quum
1167 1627 1257 1694 aliud

305 1731 426 1816 agitur,
446 1743 478 1796 et
497 1729 585 1796 allud
607 1730 785 1797 simulatur.
831 1731 942 1795 Malus
963 1730 1089 1816 utique,
1112 1729 1258 1816 quotiens

305 1833 343 1898 iit
357 1832 531 1899 intentione
545 1833 689 1899 nocendi.
719 1833 839 1898 Differt
855 1847 961 1898 autem
975 1831 1147 1920 plurimum
1164 1831 1258 1896 dolus
1286 1857 1294 1874 ·

305 1957 325 1997 a
340 1933 543 2011 contumelia,
557 1934 709 2021 quonlam
724 1933 793 1998 hac
813 1934 951 2020 superbe
965 1945 997 1997 et
1013 1931 1189 2009 manifesto,
1205 1930 1259 1995 ille

303 2033 527 2099 fraudulenter
547 2047 579 2099 et
601 2034 693 2120 quasi
714 2034 757 2098 ah
778 2033 900 2099 insidiis
922 2047 1023 2098 nocet.
1069 2031 1152 2098 Haec
1173 2046 1258 2113 suut,

302 2156 378 2223 quas
399 2154 501 2223 quum
520 2136 700 2213 incurrunt,
716 2137 885 2202 cathedras
905 2137 1098 2202 subvertunt
1113 2135 1255 2199 omnium

303 2248 510 2325 potestatum,
529 2239 606 2325 quia
625 2261 645 2304 a
664 2239 829 2305 contrariis
847 2250 1059 2325 perpetuatur
1077 2236 1256 2324 principum

302 2339 414 2428 gloria.
458 2340 563 2407 Dolus
584 2363 723 2427 namque
744 2363 783 2406 ex
806 2339 988 2405 timiditatis
1009 2339 1146 2423 imagine
1168 2337 1255 2402 inhr-

304 2443 425 2509 mitatis
443 2453 550 2508 notam
571 2443 680 2520 habet,
695 2455 727 2508 et
747 2441 931 2508 fortitudini
950 2442 1124 2528 plurimum
1144 2443 1255 2505 adver-

304 2555 403 2608 satur.
449 2543 683 2610 Contumeliam
705 2543 879 2629 prudentia
893 2541 1047 2628 reprimit,
1060 2540 1258 2627 ingeminans

300 2643 435 2732 jugiter,
449 2645 531 2731 quid
552 2646 585 2710 in
608 2659 724 2710 terram
747 2657 780 2710 et
802 2645 937 2709 cinerem
954 2643 1098 2731 superbit
1121 2655 1205 2708 terra
1226 2655 1258 2708 et

304 2745 410 2810 cinis?
447 2745 602 2832 injuriam
635 2745 844 2831 temperantia
874 2765 935 2808 non
966 2743 1119 2826 admittit,
1148 2745 1256 2810 nolens

303 2847 421 2911 inferre
440 2846 505 2925 alii,
520 2847 607 2933 quod
629 2847 689 2912 sibi
708 2845 806 2910 nollet
821 2847 863 2911 ab
878 2847 941 2910 alio
959 2845 1103 2932 irrogari.
1148 2849 1193 2912 Et
1207 2847 1255 2911 in·

298 2949 460 3035 justitiam
477 2947 607 3034 justitia
627 2945 780 3024 excludit,
797 2967 1029 3033 usquequaque
1051 2947 1169 3012 faciens
1189 2949 1254 3026 alii,

301 3048 390 3135 quod
404 3047 621 3112 faciendorum
637 3047 732 3112 vellet
752 3048 795 3112 ab
817 3048 880 3112 alio
902 3049 969 3112 fieri
991 3048 1143 3134 sibiipsi.
1189 3049 1253 3112 Hae

301 3162 376 3216 sunt
404 3162 543 3235 quatuor
572 3150 719 3230 virtutes,
747 3171 828 3236 quas
863 3149 1044 3236 philosophi
1080 3149 1254 3216 cardinales

300 3250 474 3338 appellant,
495 3273 535 3315 eo
559 3253 649 3337 quod
673 3273 693 3314 a
713 3251 819 3338 primo
841 3252 931 3316 fonte
953 3251 1136 3328 honestatis,
1162 3256 1255 3338 quasi

300 3355 395 3441 primi
416 3353 513 3418 rivuli
537 3373 684 3418 emanare
708 3352 891 3426 credantur,
916 3365 948 3418 et
974 3353 1014 3416 de
1038 3375 1074 3417 se
1097 3355 1252 3420 bonorum

300 3457 442 3522 omnium
457 3454 579 3520 fluenta
597 3475 784 3541 propagare.
831 3459 912 3520 Haec
927 3455 1010 3520 sorte
1024 3467 1099 3519 sunt
1115 3469 1254 3542 quatuos·

300 3555 443 3635 flumina,
452 3576 528 3644 quac
542 3555 583 3619 de
597 3554 746 3641 paradiso
759 3553 941 3620 delitiarum
958 3555 1020 3620 Dei
1034 3555 1255 3640 egrediuntur,

301 3669 340 3723 ut
353 3657 485 3742 irrigent
495 3679 619 3722 omnem
635 3668 763 3733 terram,
774 3677 840 3742 quo
853 3655 995 3720 fructum
1011 3654 1251 3720 desiderabilem

300 3758 413 3823 afferat
433 3757 466 3821 iu
488 3767 631 3844 tempore
650 3778 717 3822 suo.
763 3755 896 3820 Utinam
917 3767 948 3819 et
971 3754 1012 3820 ad
1033 3775 1083 3819 me
1103 3755 1143 3820 de
1162 3755 1252 3822 sonte

299 3860 375 3927 vitm
408 3860 561 3944 (divinam
591 3857 725 3945 gratiam
760 3857 887 3943 loquor)
918 3856 1016 3942 hujus
1045 3857 1253 3942 plenitudinis

298 3973 518 4048 pertranseant
531 3960 641 4040 rivuli,
652 3959 810 4024 ariditatis
824 3979 903 4020 meae
917 3957 1109 4023 inebriantes
1124 3971 1251 4036 terram,

299 4073 338 4126 ut
357 4073 572 4127 succrescente
591 4061 702 4125 fructu
723 4059 880 4123 bonorum
902 4077 1046 4144 operum,
1062 4057 1172 4124 saltem
1195 4060 1249 4124 de·

297 4162 415 4228 clinare
429 4164 550 4229 valeam
565 4161 760 4228 imminentis
775 4159 893 4225 securis
907 4163 1017 4241 ictum,
1032 4183 1107 4247 quac
1121 4161 1250 4249 exigen-

300 4265 389 4330 tibus
402 4265 506 4352 culpis
516 4267 606 4346 meis,
616 4265 657 4330 ad
672 4264 809 4330 radicem
824 4284 938 4339 meam,
949 4265 1041 4350 quasi
1057 4263 1096 4328 ad
1113 4265 1251 4330 radicem

300 4365 508 4431 infructuosas
522 4366 655 4444 arboris,
670 4368 775 4452 posita
788 4369 856 4432 est!
890 4365 1113 4450 Quodcunque
1129 4367 1252 4452 lignum

751 4487 768 4528 s
782 4473 802 4530 2
