3425 5367
334 745 405 790 car.
421 729 535 808 xvna]
707 747 959 795 roarcmrrcus.
1245 740 1286 797 99

334 908 492 972 naturam,
505 894 585 981 quid
601 894 720 960 scilicet
731 896 763 960 in
781 919 824 973 se,
836 897 917 982 quid
933 898 965 961 in
980 898 1049 962 aliis
1063 898 1140 975 sint,
1156 899 1287 965 liberius

334 1007 366 1058 et
391 994 517 1060 fidelius
546 995 792 1082 contemplatur,
819 997 896 1060 dum
928 1009 1037 1101 terum
1062 1000 1284 1078 substantiam,
1331 1008 1336 1016 '
1364 989 1393 1045 7

332 1097 545 1181 quantitatem
565 1097 606 1162 ad
627 1097 762 1183 aliquid,
777 1099 977 1184 qualitatem,
992 1102 1102 1178 situm,
1124 1125 1200 1178 esse,
1217 1103 1285 1182 ubi,

328 1197 469 1281 qnando,
493 1198 621 1276 habere,
643 1198 757 1278 facere,
780 1199 860 1283 pati,
883 1198 1065 1284 singillatim
1093 1199 1224 1267 discutit
1249 1224 1282 1268 et

328 1296 487 1362 discernit.
544 1301 625 1376 Quae
654 1301 712 1363 etsi
743 1298 927 1384 singillatim
957 1323 1024 1366 esse
1055 1324 1116 1365 non
1145 1308 1279 1389 possint,

328 1398 513 1483 singillatim
543 1412 649 1464 tamen
674 1400 857 1485 investigari
883 1415 1021 1486 queant:
1055 1416 1088 1466 et
1114 1403 1155 1468 ad
1182 1405 1280 1469 totius

329 1498 546 1587 Philosophiae
575 1501 809 1587 compendium,
838 1502 1005 1565 utilissima
1033 1516 1080 1567 est
1111 1505 1180 1569 haec
1210 1529 1278 1591 spe-

327 1600 458 1681 culatio,
483 1601 515 1665 in
542 1625 606 1688 qna
634 1600 872 1688 magnitudinis,
897 1615 928 1666 et
955 1604 1180 1685 multitudinis,
1206 1631 1278 1693 qnae

327 1702 396 1767 duo
412 1714 516 1768 totum
536 1703 644 1767 orbem
665 1703 920 1788 complectuntur
939 1718 970 1769 et
992 1705 1149 1784 ambiunt,
1164 1725 1279 1771 natura

324 1804 507 1869 discutitur.
568 1805 736 1890 Numquid
767 1798 952 1870 abstrahens
981 1806 1170 1888 intellectus,
1199 1808 1276 1872 dum

327 1907 398 1972 haec
414 1907 493 1992 agit,
513 1908 637 1972 ociosus
656 1921 713 1984 est,
734 1921 791 1974 aut
813 1908 946 1986 inutilis,
961 1931 1018 1992 per
1037 1931 1134 1993 quem
1154 1911 1278 1976 animus

328 2011 531 2076 honestarum
556 2014 672 2076 artium
697 2010 862 2095 gradibus,
888 2009 930 2073 ad
956 2009 1108 2074 thronum
1134 2033 1279 2075 consum-

323 2125 418 2177 matae
444 2111 660 2196 Philosophiae
682 2110 893 2176 conscendit?
933 2110 1176 2176 Multitudinem
1200 2135 1276 2196 ergo

323 2233 397 2298 quae
418 2211 562 2298 potentia
581 2212 630 2276 sui
651 2211 684 2274 in
704 2209 865 2276 infinitum
886 2210 1007 2285 crescit,
1027 2215 1108 2276 sicut
1131 2225 1277 2276 econtra

324 2314 512 2400 magnitudo
529 2312 681 2380 decrescit
703 2314 736 2377 in
752 2313 925 2389 infinitum,
941 2313 1108 2378 bimembri
1123 2313 1276 2376 divisione

323 2417 474 2504 partitur,
494 2415 573 2480 dum
593 2437 662 2480 eam
687 2438 771 2480 nunc
791 2413 976 2500 simpliciter
995 2428 1026 2478 et
1047 2437 1103 2499 per
1125 2438 1169 2494 se,
1191 2437 1276 2478 nunc

324 2517 366 2582 ad
399 2516 488 2582 aliud
527 2517 659 2582 relatam
696 2529 876 2592 contuetur,
910 2515 1040 2580 alteram
1079 2516 1275 2580 demandans

323 2618 552 2698 Arithmeticae‚
574 2618 706 2684 alteram
729 2618 864 2684 Musicae
890 2617 985 2702 pleno
1004 2619 1080 2704 jure
1101 2639 1273 2683 reservans,

325 2717 583 2802 Magnitudinem
600 2742 731 2804 quoqne
746 2731 829 2782 secat
844 2718 876 2781 in
896 2717 978 2781 duas
997 2720 1128 2802 species,
1143 2717 1273 2780 alteram

322 2818 529 2899 immobilem,
563 2819 731 2905 subjiciens
763 2820 951 2904 geometris;
990 2818 1121 2883 alteram
1158 2816 1276 2882 scilicet

324 2919 487 2999 mobilem,
510 2919 559 2983 his
584 2919 641 3005 qui
667 2931 820 2984 astrorum
851 2932 884 2985 et
909 2919 1086 2986 coelestium
1113 2915 1275 2982 scientiam

324 3022 525 3107 profitentur.
564 3023 601 3085 In
617 3020 752 3086 hisvero
766 3035 907 3108 quatuor
922 3021 1097 3108 speciebus,
1112 3019 1273 3094 mathesis,

324 3125 358 3190 id
384 3136 442 3200 est,
468 3123 649 3188 doctrinalis
676 3137 744 3192 tota
768 3124 923 3202 consistit,
950 3137 982 3189 et
1008 3124 1102 3210 quasi
1133 3135 1272 3208 quatuor

322 3225 535 3313 Philosophiae
565 3226 730 3304 limitibus,
760 3226 931 3290 mundanae
960 3225 1123 3311 sapientia
1152 3225 1272 3308 perfec-

321 3333 437 3396 tionem
467 3331 657 3412 assequitur.
712 3326 840 3390 Primus
868 3326 976 3410 itaque
1005 3326 1125 3408 gradus
1153 3340 1201 3389 est
1230 3326 1272 3390 ab

319 3431 531 3498 Arithmetica
541 3448 745 3494 numerorum
756 3425 908 3490 virtutem
921 3437 1077 3489 mutuare.
1110 3425 1273 3490 Secundus

317 3533 561 3621 proportionum
575 3527 709 3614 gratiam
725 3549 744 3590 a
766 3525 893 3592 Musica
913 3525 1049 3603 trahere,
1065 3526 1195 3590 Tertius
1213 3526 1270 3591 ob-

320 3637 419 3700 tinere
431 3631 591 3698 scientiam
603 3653 623 3694 a
635 3631 837 3694 Geometrica
851 3651 1080 3694 mensurarum.
1114 3632 1269 3708 Quartus,

318 3737 468 3823 idemque
493 3736 695 3813 novissimus,
720 3754 825 3798 veram
848 3732 1037 3816 positionem
1059 3732 1198 3797 siderum
1219 3755 1268 3796 as·

318 3839 474 3924 sequitur,
504 3849 536 3900 et
566 3835 630 3898 vim
660 3833 834 3900 coelestium
865 3846 1097 3918 perscrutatur.
1142 3837 1267 3898 Eorum

318 3962 404 4018 vero,
427 3937 485 4024 qui
508 3935 668 4004 scientiam
691 3934 882 4021 profitentur
903 3947 1073 4012 astrorum,
1093 3932 1147 3998 alii
1166 3934 1268 4020 opini-

319 4043 388 4106 ouis
409 4060 515 4104 errore
540 4035 753 4122 prolabuntur
778 4034 819 4100 ad
843 4033 981 4112 fabulas,
1003 4033 1036 4098 in
1061 4056 1127 4120 quo
1152 4033 1264 4120 depre-

318 4139 470 4206 henditur
491 4151 523 4204 et
545 4137 707 4226 Hyginus,
728 4137 783 4202 alii
804 4135 872 4201 sola
889 4135 1122 4221 imaginationis
1144 4137 1264 4202 virtute

320 4241 458 4306 contenti
478 4253 562 4316 sunt,
584 4239 662 4326 quid
684 4261 794 4304 verum
814 4238 855 4302 sit
874 4237 1052 4302 doctiorum
1069 4236 1196 4323 judicio
1214 4261 1264 4301 re·

317 4355 489 4421 servantes,
506 4345 581 4408 satis
601 4355 730 4427 agentes
747 4340 818 4414 sibi,
834 4338 1009 4404 dummodo
1031 4339 1096 4404 veri
1117 4337 1263 4402 similitu-

758 4449 817 4504 aa
