3425 5367
447 694 509 753 286
708 703 844 751 sossius
861 702 1139 751 sasnsanmaums
1278 684 1361 762 [tra.
1378 704 1409 747 v.

448 857 573 922 disemo
593 853 689 919 modo
710 854 889 940 exponitur.
943 852 1026 939 Ego,
1055 852 1284 940 sapientiorum
1314 850 1409 918 venia

448 958 629 1043 impetrata,
649 978 800 1022 acervum
822 954 919 1021 oredo
939 954 1107 1035 Mercurii,
1123 956 1155 1019 in
1179 976 1244 1042 quo
1266 954 1410 1021 consistit

448 1060 530 1124 ratio
554 1057 747 1133 calculandi,
770 1057 847 1145 quia
872 1056 1056 1125 Mercurius
1079 1079 1201 1122 numan
1225 1078 1337 1123 eorum
1360 1069 1409 1123 est

447 1160 503 1247 qui
518 1158 766 1244 negotiationem
781 1167 944 1239 exercent,
955 1168 989 1223 et
1003 1158 1175 1225 ratiociniis
1191 1158 1255 1225 suis
1270 1158 1407 1244 diligen-

446 1274 497 1329 ter
509 1262 687 1346 invigilant.
717 1260 850 1329 Mittere
866 1282 942 1345 ergo
958 1259 1098 1347 lapidem
1117 1261 1150 1327 in
1166 1282 1328 1343 acervum,
1343 1284 1407 1349 qno

445 1364 567 1448 regitur
581 1363 661 1429 ratio
682 1362 874 1444 calculandi,
894 1373 943 1429 ast
957 1374 1058 1429 totam
1081 1364 1212 1428 turbare
1227 1363 1342 1428 calculi
1357 1386 1407 1427 ra-

447 1464 587 1530 tionem:
610 1464 807 1530 ethonorem
819 1463 963 1529 conferre
975 1464 1147 1551 insipienti,
1161 1476 1209 1531 est
1221 1464 1407 1551 reipublicae

447 1567 631 1632 subvertere
646 1566 755 1633 vitam
793 1566 838 1631 Et
852 1566 1051 1653 impossibile
1066 1579 1124 1646 ast,
1141 1580 1178 1633 ut
1193 1568 1271 1633 alios
1285 1568 1408 1633 utiliter

447 1680 547 1755 ragat,
558 1691 656 1757 quem
671 1668 818 1755 proprius
832 1668 991 1735 subvertit
1005 1692 1101 1735 error.
1138 1670 1196 1734 Ait
1210 1668 1315 1734 anim:
1340 1670 1406 1737 Ubi

446 1794 512 1836 non
526 1782 575 1836 est
590 1772 794 1856 gubernator,
813 1770 950 1857 populus
965 1783 1101 1837 corruet.
1147 1772 1191 1837 Et
1213 1772 1307 1838 alibi:
1335 1778 1408 1840 Rex

447 1873 599 1959 insipiens
621 1873 735 1958 perdat
755 1872 911 1958 populum
934 1896 1039 1952 suum,
1062 1886 1096 1950 et
1119 1874 1265 1939 civitates
1282 1874 1408 1941 babita-

447 1976 569 2040 bnntur
581 1996 679 2059 super
693 1997 821 2039 sensum
837 1976 1054 2060 prudentium.
1091 1977 1207 2043 Omnis
1222 1987 1407 2063 potentatus

447 2078 513 2142 vita
525 2076 642 2156 brevis,
656 2075 791 2160 languor
810 2076 962 2161 prolixior
980 2089 1092 2163 gravat
1113 2079 1287 2144 medicum.
1326 2086 1407 2146 Bre-

448 2198 522 2241 vem
537 2177 723 2261 languorem
739 2177 1060 2263 praecidetrmedicus,
1072 2180 1118 2245 sic
1128 2194 1162 2246 et
1173 2204 1229 2246 rex
1239 2181 1334 2247 bodie
1347 2192 1407 2264 est,

448 2278 735 2345 etcrasmorietnr.
773 2279 986 2354 Quumeaim
997 2284 1407 2361 morieturbomo,heredi-

448 2378 531 2445 tabit
544 2391 718 2466 serpentes,
729 2392 763 2445 at
776 2381 905 2459 bestias,
916 2394 950 2448 et
961 2406 1096 2449 vermes.
1129 2384 1286 2472 Nunquid
1297 2407 1407 2471 quasso

447 2504 606 2571 pauperes
618 2482 844 2568 opprimuntur
858 2484 992 2572 injuriis,
1008 2497 1218 2552 attenuantur
1234 2486 1407 2552 exactioni-

448 2584 520 2662 bus,
540 2584 659 2671 rapinis
679 2584 912 2670 multiplicibus
934 2587 1119 2672 spoliantur,
1137 2589 1296 2675 jubentur
1315 2590 1350 2653 in
1372 2613 1406 2655 se

449 2709 637 2752 concurrere
652 2687 772 2774 populi,
788 2699 822 2752 et
838 2688 949 2753 orbem
966 2702 1148 2769 concutere,
1164 2702 1201 2755 ut
1223 2692 1407 2777 potentibus

361 2863 364 2867 ⁸
447 2789 500 2854 isti
509 2789 682 2854 succedant
690 2788 844 2854 heredes?
857 2790 916 2854 Isti
924 2813 1063 2878 namque
1073 2794 1407 2859 succeduatomnibus

444 2894 520 2979 jure
535 2916 603 2973 suo,
617 2916 676 2957 nec
689 2892 890 2957 desideratur
903 2894 1085 2960 solemnitas
1098 2898 1290 2977 testamenti,
1302 2900 1343 2963 ab
1359 2900 1407 2962 in-

449 3008 567 3059 testato
576 3007 766 3081 emergunt3
791 2994 870 3057 velis
881 2995 974 3071 nolis,
986 2996 1044 3059 hos
1054 2996 1186 3061 habebis
1197 2998 1338 3064 heredes.
1367 3002 1406 3065 In

449 3094 643 3160 secularibus
668 3093 769 3158 literis
793 3092 898 3157 fertur
920 3095 1037 3159 dixisse
1063 3095 1170 3160 Plato:
1207 3100 1343 3163 Perinde
1361 3114 1408 3165 est

449 3215 552 3279 quum
568 3191 714 3257 subditos
728 3190 881 3277 opprimit
896 3194 1114 3279 magistratus,
1131 3218 1168 3259 ac
1184 3197 1212 3260 si
1226 3212 1321 3282 caput
1337 3220 1406 3261 cor-

449 3296 536 3383 poris
557 3297 758 3371 intumescat,
775 3307 812 3360 ut
834 3318 854 3359 a
869 3297 1020 3362 membris
1034 3310 1091 3363 aut
1106 3298 1244 3376 omnino,
1268 3314 1324 3363 aut
1339 3300 1407 3363 sinc

443 3398 594 3465 molestia
608 3400 685 3463 sarri
698 3422 763 3463 non
777 3398 886 3485 possit.
919 3402 1014 3464 Hanc
1030 3412 1136 3465 autem
1152 3401 1327 3487 passionem
1339 3406 1406 3467 sinc

447 3500 634 3585 gravissimo
663 3498 772 3563 dolore
800 3503 1015 3565 membrorum
1036 3502 1180 3566 ¹tolerari
1212 3502 1261 3567 vel
1290 3504 1406 3584 curari,

447 3600 640 3685 impossibile
660 3612 719 3662 est.
765 3598 888 3663 sivero
910 3601 1095 3668 incurabilis
1110 3604 1208 3670 fuerit
1229 3608 1345 3692 passio,
1361 3605 1406 3671 sic

449 3701 556 3763 vivere
576 3721 673 3785 quam
688 3698 768 3762 mori
790 3701 936 3765 miserius
951 3717 1009 3769 est.
1056 3704 1185 3771 Misenis
1204 3720 1310 3771 autem
1326 3704 1406 3769 nihil

448 3800 560 3865 utilius
585 3812 643 3879 est,
667 3822 764 3885 quam
793 3816 958 3888 utcunque
984 3804 1077 3869 finire
1102 3806 1270 3870 miseriam.
1315 3805 1406 3869 Idem

449 3925 578 3987 quoque
593 3901 711 3965 dixisse
733 3900 869 3988 legitur:
905 3908 1016 3981 Quum
1038 3906 1071 3969 in
1094 3906 1251 3990 subjectos
1266 3917 1407 3989 potestas

449 4006 551 4078 saevit,
566 4003 650 4067 idem
671 4020 719 4067 est
734 4026 771 4066 ac
786 4005 812 4067 si
834 4017 923 4070 tutor
937 4007 1095 4094 pupillum
1116 4016 1337 4089 persequatur,
1354 4004 1405 4067 vel

448 4127 520 4169 eum
537 4125 596 4167 suo
616 4126 767 4168 mucrone
784 4107 928 4193 jugules,
942 4110 985 4173 ob
1007 4110 1100 4193 cujus
1122 4106 1347 4182 defensionem,
1364 4106 1405 4169 ab

448 4205 559 4270 eodem
574 4205 729 4270 traditum
745 4207 805 4273 tibi
816 4207 961 4294 gladium
977 4208 1134 4294 accepisti.
1169 4210 1250 4273 Rem
1267 4230 1405 4293 nemque

449 4307 609 4394 publicam
625 4308 688 4373 frui
705 4309 779 4394 jure
794 4312 910 4397 pupilli
926 4310 1104 4397 percelebre
1122 4324 1181 4391 est,
1196 4324 1228 4375 et
1244 4333 1311 4375 eam
1328 4323 1404 4374 tunc
