3425 5367
429 696 472 757 28
688 704 825 751 scaurus
841 699 1120 749 sanssnsmnusrs
1261 680 1344 760 [nur.
1359 699 1383 745 1.

318 892 325 901 ·
429 882 473 925 ex
502 860 615 943 inopia
640 857 820 936 reticentur,
846 857 909 920 nisi
936 877 979 919 ex
1006 875 1046 918 ea
1069 852 1153 917 forte
1177 873 1273 935 quarn
1300 852 1383 936 parit

429 960 535 1044 copia,
557 958 616 1023 sed
636 980 677 1021 ne
699 968 822 1021 mentes
843 957 1023 1038 lugentium
1042 954 1149 1017 adhuc
1171 954 1383 1017 immoderato

431 1060 541 1125 dolore
570 1058 739 1135 sauciatas,
770 1058 948 1121 recentium
976 1054 1178 1119 refricatione
1208 1056 1386 1127 vulnerum,

430 1160 555 1242 gravius
566 1161 756 1225 ulceremus.
794 1158 983 1221 Domestica
992 1176 1132 1239 namque
1143 1166 1220 1219 sunt
1233 1155 1384 1238 exempla

431 1228 530 1344 qtstn
544 1260 702 1345 plurimis.
750 1259 790 1325 In
806 1269 927 1323 tantam
945 1279 1019 1321 vero
1042 1256 1172 1341 quidam
1186 1256 1284 1341 hujus
1297 1254 1385 1319 vani-

430 1363 505 1427 tatis
529 1362 683 1435 instinctu
708 1382 843 1446 erupere
869 1360 1042 1437 vesaniam,
1065 1370 1101 1423 nt
1126 1359 1235 1422 hostes
1262 1367 1383 1420 naturae

434 1464 558 1541 fierent,
588 1462 784 1527 conditionis
813 1484 880 1526 suae
909 1463 1121 1538 immemores,
1145 1458 1245 1523 divini
1267 1456 1384 1542 judicii

432 1574 681 1649 contemptores,
703 1564 781 1628 dnm
802 1566 838 1628 in
857 1564 1032 1628 vindictam
1052 1564 1199 1640 seramm,
1211 1561 1385 1643 imaginem

432 1666 495 1729 Dei
524 1665 692 1751 exquisitis
720 1666 891 1750 suppliciis
919 1664 1135 1748 subjugarent
1195 1664 1267 1726 Nec
1297 1658 1388 1723 veriti

434 1775 509 1829 sunt
523 1766 687 1829 hominem
702 1786 761 1847 pro
776 1764 914 1827 bestiola
926 1762 1070 1845 perdere,
1084 1782 1180 1843 quem
1203 1760 1388 1843 unigenitus

435 1865 569 1929 redemit
588 1864 745 1943 sanguine
761 1884 828 1926 suo.
875 1863 956 1933 Quae
970 1862 1044 1924 serra
1058 1872 1179 1923 naturae
1194 1871 1279 1936 sunt,
1293 1871 1326 1924 et
1347 1859 1388 1921 de

429 1964 502 2047 jure
518 1962 747 2045 occupantium
766 1960 860 2040 fiunt,
874 1961 937 2024 sibi
956 1960 1056 2024 audet
1073 1961 1214 2023 humana
1228 1961 1390 2024 temeritas

436 2062 626 2144 inspiciente
650 2061 793 2123 Domino
808 2060 992 2135 vendicare,
1006 2071 1039 2123 et
1051 2059 1146 2123 -idam
1163 2059 1246 2141 juris
1264 2060 1299 2121 in
1321 2076 1390 2122 om·

435 2162 532 2227 nibus
557 2162 744 2244 ubicunque
769 2160 833 2225 sint
856 2161 976 2239 statuit,
998 2182 1035 2224 ac
1062 2161 1090 2225 si
1116 2161 1246 2225 claustri
1267 2161 1320 2224 sui
1341 2162 1391 2223 in‹

437 2261 552 2343 dagine
574 2261 723 2325 universa
747 2261 913 2325 cinxisset.
960 2260 1122 2345 Quodque
1144 2262 1246 2343 magis
1267 2261 1392 2337 mirere,

438 2363 572 2445 pedicas
586 2382 698 2445 parare
713 2362 839 2438 avibus,
855 2364 988 2445 laqueos
1003 2373 1123 2439 texere,
1133 2363 1262 2426 allicere
1275 2361 1392 2435 modis,

440 2464 491 2526 vel
511 2462 628 2536 fistula,
644 2484 682 2526 ac
706 2462 955 2547 quibuscunque
975 2462 1101 2527 insidiis
1122 2465 1338 2547 supplantare,
1353 2483 1395 2524 ex

440 2563 547 2627 edicto
559 2584 645 2647 saepe
658 2563 696 2627 fit
711 2564 865 2642 criminis,
876 2574 910 2627 et
924 2566 974 2628 vel
988 2564 1220 2649 proscriptione
1236 2566 1392 2627 bonorum

440 2668 621 2745 mulctatur,
636 2667 687 2729 vel
701 2667 917 2729 membrorum
931 2668 1062 2750 punitur
1077 2668 1252 2751 salutisque
1267 2666 1394 2748 dispen-

440 2768 505 2833 dio.
550 2768 706 2833 Volucres
728 2768 804 2834 coeli
825 2780 859 2834 et
874 2771 984 2853 pisces
1005 2771 1102 2833 maris
1124 2790 1310 2832 communes
1323 2787 1394 2829 esse

441 2870 598 2948 audieras,
620 2870 679 2933 sed
708 2872 778 2935 haec
810 2870 882 2934 fisci
904 2881 988 2949 sunt,
1015 2893 1096 2954 quas
1119 2871 1267 2934 venatica
1291 2868 1393 2949 exigit
1471 2915 1473 2922 .

441 2972 629 3053 ubicunque
644 2972 764 3037 volant.
809 2973 946 3033 Manum
960 2973 1100 3049 contine,
1114 2972 1245 3033 istarum
1260 2972 1397 3047 abstine,

443 3090 485 3131 ne
500 3080 533 3131 et
546 3078 582 3129 tu
597 3066 632 3127 in
643 3087 773 3148 poenam
788 3068 875 3129 laesae
890 3068 1080 3151 majestatis,
1096 3070 1287 3131 venantibus
1301 3070 1398 3133 cadas

443 3171 478 3231 in
507 3166 659 3249 praedam.
720 3168 747 3227 A
776 3167 946 3229 novalibus
975 3168 1042 3230 suis
1069 3178 1214 3229 arcentur
1238 3169 1396 3248 agricolae,

445 3269 521 3333 dum
550 3268 625 3332 ferae
660 3267 800 3332 habeant
838 3267 978 3351 vagandi
1011 3268 1200 3331 libertatem.
1259 3268 1330 3331 Illis
1363 3281 1400 3334 ut

445 3390 567 3452 pascua
602 3381 788 3450 augeantur,
824 3368 946 3452 praedia
984 3367 1213 3431 subtrahuntur
1250 3370 1400 3451 agricolis

445 3470 625 3543 sationalia,
655 3470 784 3533 insitiva
814 3470 950 3546 colonis,
976 3489 1172 3551 compascua
1200 3471 1398 3537 armentariis

445 3582 480 3635 et
500 3569 664 3652 gregariis,
687 3569 825 3632 alvearia
848 3590 868 3631 a
888 3569 1053 3632 floralibus
1073 3571 1299 3651 excluduntur,
1319 3572 1400 3657 ipsis

446 3691 576 3755 quoque
599 3669 716 3751 apibus
736 3670 792 3732 vix
815 3671 954 3733 naturali
974 3670 1120 3736 libertate
1142 3674 1188 3737 uti
1209 3675 1401 3759 permissum

446 3781 506 3838 ast.
550 3770 640 3832 Deus
666 3770 763 3841 bone,
787 3769 876 3852 quod
903 3782 1044 3850 oestmm,
1068 3783 1100 3835 et
1126 3785 1257 3839 caeteras
1283 3786 1401 3858 pestes,

445 3893 518 3955 quae
555 3891 622 3933 non
651 3871 743 3947 feras,
773 3869 831 3934 sed
861 3870 988 3935 delitias
1025 3884 1196 3956 potentum
1225 3878 1400 3957 exagitant,

448 3982 515 4035 toto
527 3981 695 4053 potentatu
706 3992 765 4034 suo
777 3993 842 4035 non
853 3958 991 4056 possunt
1001 3972 1143 4057 abigere,
1154 3998 1252 4059 quum
1264 3988 1296 4039 et
1306 3979 1403 4040 culex

449 4073 485 4135 in
499 4070 654 4135 ultionem
669 4071 808 4135 hominis
824 4085 975 4148 armatus,
990 4076 1176 4138 acrimoniae
1191 4097 1257 4138 suae
1273 4078 1403 4139 aculeos

450 4174 484 4237 io
507 4172 590 4234 feras
613 4182 697 4236 recte
720 4185 880 4237 exerceat.
926 4175 978 4237 Sic
999 4174 1027 4236 si
1047 4174 1101 4237 hic
1123 4175 1231 4253 fueris,
1245 4176 1279 4237 in
1301 4197 1403 4241 annos

449 4273 573 4360 cogeris
602 4284 671 4337 sata
699 4273 851 4339 redimere
882 4276 931 4338 vel
961 4275 1116 4339 amittere.
1172 4276 1265 4358 Elige
1295 4287 1401 4341 utrum
