3425 5367
328 778 399 822 css.
416 758 476 837 vn]
677 773 935 822 rosrcasrrcus
1218 763 1280 821 2:35

330 926 391 992 Sed
408 927 464 1014 qui
481 937 557 990 sunt
572 925 753 990 sacerdotes
772 925 923 992 leviticae
939 923 1066 988 tribus?
1100 924 1154 990 Illi
1171 925 1283 1012 utique

328 1053 408 1115 quos
422 1030 489 1094 sine
507 1029 650 1094 avaritiae
672 1027 821 1108 stimulis,
836 1028 905 1091 sine
926 1026 1109 1093 ambitionis
1131 1027 1286 1114 impulsu,

328 1132 394 1195 sine
418 1132 586 1198 affectione
607 1132 710 1196 carnis
732 1145 765 1196 et
787 1131 965 1217 sanguinis,
990 1130 1040 1195 lex
1064 1129 1096 1194 in
1122 1130 1283 1196 ecclesiam

276 1293 281 1302 .
327 1234 518 1300 introduxit.
564 1238 638 1299 Non
661 1245 768 1298 autem
791 1233 844 1298 lex
867 1234 980 1311 literae,
1004 1257 1078 1319 quae
1100 1235 1284 1312 mortificat,

329 1335 383 1398 sed
407 1335 550 1421 spiritus,
565 1357 639 1419 quae
660 1334 693 1398 in
717 1333 884 1398 sanctitate
900 1333 1024 1409 mentis,
1041 1335 1198 1400 munditia
1219 1359 1287 1400 cor-

328 1433 425 1516 poris,
439 1431 514 1495 fidei
534 1431 725 1510 sinceritate,
739 1443 771 1496 et
793 1431 946 1516 operibus
968 1431 1118 1512 caritatis,
1137 1433 1285 1499 vivificat.

332 1532 421 1598 Sicut
436 1532 519 1596 enim
536 1532 714 1598 umbratilis
728 1533 793 1610 lex,
805 1545 838 1598 et
854 1555 965 1617 gerens
976 1537 1082 1599 omnia
1096 1533 1286 1618 figuraliter,

331 1633 510 1697 sacerdotes
531 1633 563 1696 in
586 1633 808 1718 singularitate
833 1633 937 1698 carnis
959 1647 991 1698 et
1019 1633 1181 1718 sanguinis
1205 1657 1287 1720 praa·

330 1733 448 1819 elegit3
471 1735 527 1811 sic,
539 1747 710 1820 postquam
726 1735 923 1800 cessantibus
939 1734 1060 1800 umbris
1071 1733 1186 1800 veritas
1200 1751 1289 1822 pate-

331 1835 417 1900 facta
439 1849 500 1915 est,
523 1850 556 1902 et
578 1836 708 1922 justitia
733 1837 774 1900 de
796 1838 880 1903 coelo
905 1835 1081 1922 prospexit,
1106 1859 1188 1923 quos
1213 1837 1287 1904 vitae

332 1935 533 2002 commendat
563 1940 724 2012 meritum,
755 1950 787 2002 et
821 1938 914 2002 bonae
943 1938 1101 2024 opinionis
1135 1937 1226 2016 odor,
1255 1950 1288 2002 et

333 2038 439 2104 unitas
453 2037 608 2118 fidelium,
622 2051 680 2104 aut
700 2037 906 2125 praelatorum
922 2039 1059 2124 diligens
1077 2039 1290 2125 providentia,

333 2140 364 2204 iu
393 2163 475 2226 opus
505 2140 669 2206 ministerii
699 2141 889 2227 segregavit,
917 2141 1050 2228 spiritus
1078 2139 1218 2227 applicat
1247 2140 1289 2206 ad

332 2243 508 2308 Leviticam
537 2242 670 2322 tribum,
692 2257 724 2308 et
750 2243 911 2329 legitimos
936 2243 1075 2309 instituit
1102 2242 1289 2308 sacerdotes.

334 2344 518 2429 Adjicitur:
544 2346 589 2409 Et
605 2345 735 2410 habebit
751 2368 870 2426 secum,
882 2345 1031 2432 legetque
1045 2344 1126 2409 illud
1142 2346 1290 2411 omnibus

333 2445 534 2510 diebusvitae
557 2467 633 2508 suae.
679 2444 830 2522 Atteude,
846 2457 969 2529 quanta
991 2443 1106 2508 debeat
1129 2466 1196 2508 esse
1218 2445 1289 2510 dili·

334 2547 443 2628 gentia
456 2543 612 2629 principis
625 2544 658 2606 in
675 2542 743 2627 lege
760 2543 891 2610 Domini
911 2543 1131 2620 custodienda,
1148 2545 1205 2628 qui
1220 2567 1289 2611 eam

336 2667 460 2728 semper
480 2645 608 2721 babere,
624 2644 728 2730 legere
752 2645 950 2732 praecipitur,
966 2659 998 2710 et
1021 2645 1193 2726 revolvere,
1208 2646 1290 2712 sicut

336 2770 392 2811 rex
408 2769 520 2832 regum
535 2747 640 2810 lactus
653 2769 695 2812 ex
711 2747 855 2828 muliere,
870 2747 974 2813 lactus
989 2747 1050 2812 sub
1069 2746 1148 2833 lege,
1165 2771 1290 2814 omnem

335 2848 479 2935 implevit
491 2848 652 2934 justitiam
668 2848 759 2933 legis,
774 2848 803 2912 ei
818 2871 882 2912 non
898 2847 1094 2926 necessitate,
1111 2849 1166 2914 sed
1181 2849 1293 2914 volun-

337 2965 414 3028 tate,
439 2950 614 3037 subjectus.
659 2950 744 3029 Quia
768 2950 801 3014 in
829 2950 898 3036 lege
922 2955 1072 3016 voluntas
1098 2951 1178 3038 ejus,
1202 2963 1235 3017 et
1260 2951 1293 3018 in

336 3053 407 3138 lege
422 3053 553 3118 Domini
569 3052 743 3118 meditatus
757 3065 804 3118 est
821 3052 874 3116 die
889 3075 926 3117 ac
941 3071 1041 3118 nocte.
1089 3053 1183 3132 Quod
1200 3054 1225 3118 si
1236 3055 1291 3120 ille

337 3155 369 3220 in
386 3155 445 3218 bac
461 3165 552 3239 parte
566 3177 629 3218 non
645 3155 788 3220 creditur
809 3154 995 3236 imitandus,
1010 3155 1067 3242 qui
1093 3177 1154 3220 non
1180 3179 1292 3243 regum

336 3258 484 3344 gloriam,
499 3259 554 3323 sed
578 3258 720 3324 fidelium
744 3258 913 3346 amplexus
936 3271 984 3324 est
1008 3273 1243 3345 paupertatem,
1262 3273 1294 3326 et

336 3360 470 3427 indutus
484 3361 588 3425 forma
610 3361 728 3438 servili,
744 3359 980 3426 reclinatorium
996 3361 1093 3446 capiti
1118 3382 1181 3424 non
1206 3383 1294 3446 quae·

337 3461 411 3526 sivit
423 3461 454 3524 in
467 3461 580 3532 terris;
606 3473 638 3526 et
653 3461 870 3546 iuterrogatus
885 3482 903 3524 a
914 3458 1037 3546 judice,
1050 3482 1182 3546 regnum
1199 3483 1292 3526 suum

336 3563 379 3628 de
394 3563 454 3628 hoc
468 3563 590 3628 mundo
604 3585 668 3628 non
688 3587 767 3642 esse,
782 3563 946 3628 consessus
961 3575 1028 3637 est;
1060 3564 1228 3650 proficiant
1244 3567 1294 3630 vel

336 3664 483 3750 exempla
498 3688 610 3750 regum
626 3665 813 3742 illustrium,
828 3687 969 3752 quorum
984 3666 1136 3730 memoria
1150 3666 1182 3730 in
1201 3667 1295 3732 bene·

337 3764 477 3830 dictione
490 3779 548 3830 est.
586 3767 764 3832 Procedant
776 3789 854 3852 crgo
870 3765 911 3830 de
922 3767 1035 3832 castris
1050 3767 1159 3841 Israel,
1174 3767 1293 3846 David,

338 3867 506 3942 Ezechias,
530 3880 563 3932 et
588 3868 706 3943 dusios,
729 3879 763 3932 et
783 3869 903 3943 caeteri,
919 3868 976 3954 qui
998 3869 1031 3932 in
1054 3891 1092 3932 eo
1117 3869 1177 3932 sibi
1204 3869 1293 3954 regni

337 3968 470 4054 gloriam
487 3981 630 4034 constare
641 3970 825 4047 credebant,
839 3969 865 4033 si
882 3969 943 4034 Dei
957 3981 1134 4056 quaerentes
1148 3969 1293 4055 gloriam,

339 4084 419 4135 sect
438 4071 587 4136 subditos
609 4071 727 4137 divinas
747 4072 827 4154 legis
848 4071 983 4137 nexibus
1004 4069 1202 4138 innodarent.
1248 4073 1294 4138 Et

340 4193 379 4236 ue
401 4171 527 4237 illorum
550 4187 673 4238 remota
695 4171 1045 4260 videantur'exempla,
1067 4185 1098 4238 et
1125 4197 1164 4238 ex
1187 4197 1225 4238 eo
1247 4197 1294 4240 se·

341 4272 470 4359 quenda
483 4273 598 4354 minus,
612 4275 700 4362 quod
715 4299 735 4340 a
750 4275 820 4360 lege
835 4297 955 4352 eorum,
971 4289 1003 4340 et
1020 4273 1083 4340 ritu
1101 4297 1247 4360 operum,
1263 4287 1295 4340 et

341 4373 502 4458 religionis
531 4375 633 4453 cultu,
663 4391 696 4442 et
725 4377 799 4442 fidei
830 4375 1036 4462 professione,
1066 4375 1296 4462 aliquantisper
