3425 5367
350 706 418 752 cae.
434 691 559 766 samu]
708 703 962 752 PothRtthtJS.
1245 693 1306 752 139

349 867 381 920 et
397 855 484 920 nulla
496 855 680 922 necessitate
690 867 867 940 urgeantur
881 853 922 917 ad
938 851 1132 939 implendam
1141 852 1303 936 justitiam

350 952 421 1018 Dei.
476 954 538 1018 Sed
561 952 719 1038 numquid
748 951 796 1014 vel
822 951 878 1027 sic,
903 950 944 1014 ad
976 962 1100 1016 tantum
1123 953 1303 1016 tonitruum

349 1053 600 1120 comminationis
614 1053 743 1130 divinae,
759 1050 917 1139 σκληρότης
931 1052 1069 1138 pectoris
1082 1051 1236 1132 indurati,
1246 1065 1303 1118 aut

348 1169 465 1236 tumor,
481 1155 539 1242 qui
555 1153 733 1240 tyrannidis
753 1153 925 1238 iniquitate
938 1153 972 1217 in
986 1153 1080 1217 corde
1096 1152 1200 1217 Saulis
1215 1153 1303 1218 viva·

347 1254 413 1320 cius
428 1255 600 1332 coaluerat,
615 1254 724 1340 potuit
738 1253 900 1318 emolliri?
937 1257 1163 1339 Nequaquam.
1209 1253 1303 1319 Dixit

347 1354 431 1418 enim
447 1355 524 1420 Saul
539 1353 581 1418 ad
604 1353 802 1418 Samuelem:
827 1354 972 1428 Peccavi,
987 1353 1064 1440 quia
1078 1354 1304 1440 praevaricatus

350 1477 420 1520 sum
433 1477 608 1519 sermonem
621 1455 764 1531 Domini,
777 1468 809 1519 et
821 1455 919 1518 verba
930 1468 996 1530 tua,
1009 1456 1124 1519 timens
1134 1455 1304 1541 populum,

350 1568 382 1619 et
396 1553 547 1618 obediens
562 1558 631 1619 voci
647 1575 768 1619 eorum.
812 1553 877 1620 Sed
897 1575 982 1617 nunc
999 1567 1092 1637 porta
1107 1576 1217 1638 quaeso
1232 1577 1303 1638 pec-

351 1667 457 1719 catum
478 1677 597 1732 meum,
612 1668 645 1719 et
669 1666 826 1718 revertere
843 1676 980 1730 mecum,
995 1668 1030 1718 ut
1047 1653 1175 1717 adorem
1191 1655 1304 1718 Domi-

350 1778 439 1820 num.
484 1759 529 1824 Et
545 1759 588 1822 ait
609 1757 756 1822 Samuel:
781 1759 855 1820 Non
876 1769 1026 1832 revertar,
1047 1752 1125 1840 quia
1142 1753 1302 1840 projecisti

350 1878 524 1922 sermonem
541 1856 683 1936 Domini,
697 1870 729 1922 et
750 1857 886 1944 projecit
907 1869 940 1922 te
961 1855 1120 1920 Dominus
1135 1878 1173 1918 ne
1188 1855 1230 1919 sis
1245 1878 1302 1922 rex

348 1981 444 2046 super
469 1958 577 2024 lsrael.
623 1957 762 2024 Videsne
786 1981 884 2044 quam
909 1957 1036 2024 difficile
1066 1957 1107 2022 sit
1133 1957 1299 2036 malitiam,

348 2085 450 2148 quum
473 2060 630 2148 superbioe
644 2060 785 2126 fomento
805 2061 967 2141 coaluerit,
982 2059 1086 2125 verbis
1105 2075 1137 2124 et
1152 2060 1300 2125 exhorta-

347 2166 432 2228 tione
454 2161 585 2226 curari?
622 2161 767 2240 Peccavi,
792 2161 910 2248 inquit,
936 2161 1051 2226 timens
1074 2160 1243 2247 populum,
1266 2173 1299 2226 et

347 2263 499 2328 obediens
515 2261 584 2328 voci
606 2285 727 2328 eornm.
774 2263 888 2327 Nonne
911 2262 954 2327 sic
968 2263 1090 2327 fatetur
1111 2261 1248 2348 culpam,
1262 2276 1300 2328 ut

349 2365 456 2450 potius
477 2365 620 2430 involvat
641 2365 730 2444 alios,
753 2367 820 2451 qui,
842 2366 870 2428 si
891 2365 1038 2452 princeps
1058 2377 1152 2444 esset,
1172 2364 1301 2432 fuerant

348 2465 523 2542 relaxandi,
549 2487 646 2552 quam
676 2465 814 2552 seipsum
843 2465 1019 2552 expediat?
1057 2465 1227 2551 Numquid
1256 2469 1303 2530 sic

347 2565 492 2632 audierat
510 2567 620 2630 secisse
637 2567 784 2652 Moysen,
800 2589 901 2652 quum
916 2570 964 2632 ira
979 2565 1042 2628 Dei
1057 2566 1181 2631 saeviret
1196 2567 1230 2630 in
1245 2589 1302 2651 po-

347 2667 471 2754 pulum,
483 2667 681 2756 dixissetque
696 2670 726 2732 ei
742 2667 920 2734 Dominus:
944 2666 1081 2731 Dimitte
1095 2690 1157 2743 me,
1170 2680 1207 2734 ut
1223 2670 1301 2734 iras-

347 2783 440 2834 catur
454 2769 545 2834 furor
558 2791 647 2834 meus
661 2768 693 2832 in
709 2771 841 2854 populo,
856 2780 889 2832 et
903 2765 1025 2830 deleam
1039 2789 1125 2844 eum,
1140 2780 1172 2832 et
1187 2767 1301 2836 faciam

348 2884 380 2936 te
394 2892 533 2936 crescere
547 2872 580 2936 in
595 2883 721 2956 gentem
744 2892 900 2955 magnam.
945 2868 1031 2946 Quid
1051 2892 1127 2956 ergo
1141 2870 1216 2936 fecit
1230 2872 1299 2938 dux

347 2972 498 3060 idemque
519 2971 623 3038 fidelis
645 2972 791 3058 princeps
813 2971 846 3034 iu
870 2969 1068 3058 beneplacito
1091 2995 1162 3050 suo,
1182 2974 1300 3040 consti·

347 3083 468 3136 tutusa
484 3075 643 3137 Domino?
666 3071 735 3136 Aut
750 3070 878 3134 dimitte
886 3073 942 3150 eis,
951 3069 1069 3156 inquit,
1078 3071 1160 3136 hanc
1168 3095 1297 3154 noxam,

346 3186 403 3238 aut
426 3173 497 3238 dele
516 3196 566 3238 me
589 3174 630 3238 de
656 3173 737 3238 libro
759 3185 826 3238 tuo.
874 3172 938 3239 Sed
962 3175 1121 3262 numquid
1142 3176 1176 3240 iu
1198 3189 1298 3244 tantae

345 3273 487 3341 caritatis
515 3274 632 3340 affectu
661 3274 821 3360 propriam
852 3276 1015 3361 quaerebat
1042 3277 1204 3360 gloriam?
1243 3284 1300 3345 Iu.

346 3376 417 3464 quit
432 3376 517 3440 enim
534 3373 803 3440 mansuetissimus
817 3382 977 3462 princeps,
991 3376 1065 3461 pius
1079 3390 1182 3462 pater,
1197 3378 1298 3444 diser·

346 3489 399 3544 tus
413 3490 531 3552 orator,
547 3489 660 3564 potens
679 3475 712 3540 in
733 3498 839 3560 opere,
857 3489 889 3541 et
909 3498 1063 3556 sermone,
1075 3477 1145 3541 dux
1164 3500 1298 3562 praeam·

345 3577 442 3642 bulus
456 3579 488 3643 in
507 3578 636 3666 justitia
650 3577 874 3644 mandatorum
896 3578 977 3643 Dei:
1001 3577 1118 3644 Dicent
1133 3579 1298 3669 AEgyptii,

346 3677 470 3746 Callide
492 3679 587 3744 duxit
609 3702 663 3744 eos
683 3680 842 3744 Dominus
863 3679 905 3744 de
928 3680 1087 3767 AEgypto,
1101 3693 1138 3746 ut
1158 3697 1297 3768 proster-

344 3792 433 3846 neret
447 3781 480 3845 in
497 3781 631 3846 deserto.
666 3781 719 3846 Sic
733 3802 809 3866 ergo
824 3780 921 3845 etiam
936 3784 986 3846 sui
1000 3781 1103 3868 ipsius
1117 3780 1297 3868 dispendio,

347 3882 476 3948 Domini
490 3882 623 3968 gloriam
639 3882 850 3968 praeoptabat,
859 3893 892 3946 et
903 3881 1026 3968 populi,
1035 3883 1129 3968 cujus
1139 3882 1295 3952 ducatum

346 3983 558 4062 ministrabat,
570 3984 798 4050 liberationem.
830 3982 939 4048 David
951 4006 1080 4070 quoque
1088 4003 1188 4068 quum
1200 3985 1295 4072 culpa

345 4086 414 4172 ejus
431 4087 607 4152 Dominum
627 4086 668 4152 ad
683 4084 881 4150 iracundiam
900 4099 1113 4172 provocasset,
1126 4099 1159 4150 et
1178 4087 1294 4173 princi·

343 4185 424 4272 pelis
442 4188 546 4275 culpas
561 4189 724 4274 subjectus
744 4186 884 4274 populus
902 4199 1044 4272 portaret
1058 4208 1196 4270 poenam,
1212 4189 1293 4254 vidit

344 4288 493 4374 angelum
509 4291 571 4358 Dei
586 4289 758 4354 credentem
772 4285 938 4372 populum.
984 4285 1085 4350 Fudit
1099 4286 1210 4370 itaque
1224 4311 1294 4374 pre·
