3425 5367
312 720 383 767 car.
400 699 462 783 ru]
685 716 938 764 ronrcmrrcns.
1219 703 1261 760 67

307 885 438 958 repente
452 871 586 935 clamare
606 868 723 955 coepit:
749 871 819 934 Vox
834 870 876 933 ab
896 869 1029 946 oriente,
1045 890 1107 931 vox
1124 867 1164 932 ah
1179 867 1258 931 occi-

307 974 414 1050 dente,
424 996 487 1039 vox
500 997 518 1038 a
530 983 672 1059 quatuor
688 974 801 1049 ventis,
810 992 874 1035 vox
890 994 985 1059 super
1003 970 1257 1056 Hierosolymam

306 1089 338 1142 et
353 1076 522 1163 templum,
537 1081 601 1139 vox
617 1094 714 1159 super
736 1094 866 1158 sponsos
881 1084 912 1136 et
928 1094 1024 1157 snper
1039 1094 1179 1157 sponsas,
1196 1092 1257 1135 vox

306 1199 402 1265 snper
424 1176 592 1264 populum.
638 1176 683 1237 Et
709 1173 923 1238 indesinenter
943 1173 996 1239 die
1017 1185 1179 1259 noctuque
1201 1194 1258 1259 per

307 1302 414 1343 omnes
434 1279 556 1365 plateas
576 1276 764 1341 circumiens
786 1274 855 1340 haec
876 1274 1050 1340 clamabat:
1074 1297 1258 1363 usquequo

308 1380 439 1465 quidam
463 1379 618 1464 primores
638 1400 679 1440 ex
704 1376 825 1463 populo
840 1376 913 1451 viri,
928 1376 1016 1441 velut
1032 1376 1163 1441 infausti
1178 1399 1260 1461 prae·

309 1479 389 1561 sagii
423 1478 645 1563 indignatione
681 1477 843 1553 commoti,
881 1489 1062 1562 correptum
1100 1478 1258 1541 hominem

310 1580 421 1645 multis
436 1581 622 1645 verberibus
643 1578 796 1644 afficiunt.
841 1581 889 1643 At
909 1578 963 1642 ille
983 1601 1184 1665 nequaquam
1200 1602 1260 1665 pro

310 1704 344 1745 se
358 1681 481 1766 aliquid
505 1681 648 1767 loquens,
664 1681 719 1745 sed
744 1704 801 1745 nec
816 1703 870 1745 eos
891 1679 1034 1766 quidem,
1049 1681 1106 1766 qui
1127 1680 1261 1744 circum·
1361 1713 1367 1723 ·

311 1793 464 1846 steterant
486 1780 671 1866 deprecans,
694 1780 820 1845 easdem
837 1804 930 1845 voces
952 1780 1022 1868 pari
1046 1780 1262 1847 obstinatione

309 1895 342 1946 et
363 1882 499 1946 clamore
518 1883 694 1968 repetebat.
741 1884 837 1947 Tunc
860 1882 1019 1969 principes
1041 1882 1264 1967 intelligentes,

310 1996 348 2047 ut
369 2007 420 2047 res
441 1997 521 2065 erat,
542 1984 682 2049 numinis
703 2006 773 2048 esse
794 1985 828 2049 in
851 1986 921 2048 viro
942 1998 1060 2067 motus,
1081 1984 1262 2071 perducunt

309 2109 382 2151 enm
397 2086 438 2151 ad
457 2086 600 2173 judicem
623 2089 854 2166 Romanorum,
870 2087 957 2173 apud
980 2110 1077 2173 quem
1097 2086 1206 2172 flagris
1220 2086 1262 2151 ad

309 2212 380 2253 ossa
401 2212 504 2275 usqne
525 2188 676 2267 laniatus,
699 2212 804 2275 neque
830 2212 938 2275 preces
960 2212 1063 2276 neque
1086 2190 1264 2276 lachrymas

309 2288 416 2363 l'uditr
441 2289 497 2355 sed
517 2289 648 2353 eandem
665 2312 774 2354 vocem
795 2290 1028 2367 miserabiliter,
1044 2302 1077 2355 et
1095 2313 1168 2355 cum
1185 2313 1264 2376 quo-

308 2391 382 2455 dam
396 2391 520 2477 ejulatn
541 2392 702 2470 emittens,
717 2414 775 2477 per
790 2392 915 2477 singula
937 2413 1028 2478 paene
1044 2393 1175 2457 verbera
1189 2415 1263 2478 pro-

309 2492 445 2568 ferebat,
473 2492 595 2557 addens
624 2493 721 2558 etiam
750 2492 821 2572 hoc,
849 2516 911 2573 vae,
941 2516 990 2559 vae
1020 2494 1261 2581 Hierosolymis.

313 2596 522 2681 Prosequitur
545 2606 578 2659 et
607 2594 695 2659 aliud
721 2592 807 2657 idem
834 2593 1121 2681 historiographus,
1145 2596 1264 2681 majore

310 2710 438 2782 gestum
454 2697 617 2777 miraculo,
632 2696 740 2761 dicens
759 2696 924 2761 oraculum
944 2697 1105 2782 quoddam
1121 2698 1154 2761 in
1171 2696 1265 2761 sacris

312 2800 413 2865 literis
427 2812 601 2885 repertum,
615 2798 702 2885 quod
716 2820 775 2885 per
794 2798 880 2862 idem
901 2811 1027 2884 tempus
1043 2798 1146 2863 virum
1161 2786 1265 2881 ilesig-

312 2912 405 2965 naret
420 2924 460 2965 ex
475 2923 585 2965 eornm
600 2901 728 2986 regione
748 2922 979 2986 processurum,
996 2900 1050 2986 qui
1067 2900 1166 2965 totius
1180 2900 1265 2965 orbis

312 3002 475 3087 potiretur
496 3002 641 3087 imperio.
686 3003 790 3088 Cujus
810 3002 931 3067 oraculi
954 3003 1157 3089 praesagium,
1181 3003 1264 3069 idem

313 3103 590 3190 historiographus
620 3105 848 3190 Vespasianum
886 3105 1046 3171 declarare
1075 3108 1264 3194 suspicatur.

315 3206 378 3270 Sed
396 3206 607 3293 Vespasianus
629 3230 692 3271 non
715 3206 797 3285 aliis,
818 3230 914 3293 quam
937 3208 1000 3273 illis
1022 3209 1095 3275 solis
1116 3210 1267 3295 gentibus

314 3332 388 3394 quae
403 3311 549 3373 Romano
565 3309 706 3395 Imperio
716 3308 909 3373 videbantur
924 3311 1072 3390 subditae,
1083 3311 1267 3375 dominatus

313 3424 373 3476 est
418 3411 516 3475 Unde
533 3411 656 3496 justius
677 3410 718 3475 ad
743 3411 907 3477 Christum
931 3412 999 3475 haec
1022 3432 1171 3496 responsa
1185 3411 1266 3473 refe-

314 3525 442 3588 runtur,
457 3512 499 3576 ad
515 3536 608 3599 quem
625 3513 708 3579 dixit
724 3526 831 3600 pater:
858 3515 936 3579 Pete
951 3537 970 3577 a
985 3537 1046 3593 me,
1061 3525 1093 3578 et
1108 3511 1192 3579 dabo
1208 3514 1268 3579 tibi

313 3627 436 3697 gentes,
452 3614 662 3680 hereditatem
683 3629 784 3695 tuam,
798 3627 830 3681 et
852 3616 1080 3701 possessionem
1101 3628 1188 3682 tuam
1206 3629 1268 3682 ter·
1363 3673 1366 3679 .

314 3717 416 3779 minos
437 3728 541 3781 terrae.
587 3717 633 3781 Et
653 3719 747 3802 cujus
768 3716 931 3803 peridem
953 3730 1091 3805 tempus,
1106 3742 1164 3805 per
1180 3721 1269 3806 Apo·

314 3816 412 3881 stolos
426 3840 513 3893 suos,
528 3818 562 3882 iu
583 3841 709 3883 omnem
733 3831 849 3883 terram
873 3820 973 3885 exivit
990 3842 1085 3885 sonus
1099 3842 1220 3897 eorum,
1235 3833 1267 3885 et

315 3920 348 3982 in
364 3918 443 3984 lines
456 3920 544 3985 orbis
559 3933 653 3985 terrae
668 3922 765 3985 verba
779 3944 897 3987 eorum.
