3425 5367
422 679 485 738 250
682 691 817 735 scaurus
833 689 1109 734 sanaseanrnums
1232 669 1315 747 [ura.
1332 691 1374 735 1v.

421 852 565 907 mentum
588 840 751 916 subsistat,
775 839 855 926 quid
881 839 914 902 in
938 862 975 903 eo
996 837 1114 924 poterit
1137 859 1205 901 esse
1228 837 1372 923 longum,

419 965 521 1028 quum
532 964 569 1004 ea
578 945 695 1018 omnia,
707 942 732 1006 si
742 940 935 1024 colligantur
943 941 976 1004 in
986 961 1099 1016 unum,
1107 960 1190 1002 veroe
1200 939 1371 1006 aeternitati

418 1043 544 1119 collata,
560 1065 617 1106 nec
632 1042 744 1130 puncti
760 1041 890 1127 quidem
912 1041 1018 1106 locum
1033 1040 1209 1116 obtineant,
1225 1063 1263 1104 eo
1285 1042 1373 1126 quod

419 1144 579 1210 finitorum
607 1144 647 1209 ad
674 1143 798 1208 infinita
820 1143 949 1207 omnino
973 1141 1062 1206 nulla
1083 1153 1131 1206 est
1153 1141 1372 1226 comparatio?

420 1247 517 1311 Certe
542 1248 643 1309 centri
668 1245 709 1308 ad
734 1244 894 1331 περιφεςίαν
918 1243 966 1308 vel
994 1240 1291 1322 circumferentiam,
1313 1243 1373 1308 etsi

419 1346 545 1431 exigua,
568 1346 677 1432 aliqua
699 1359 816 1426 tamen,
839 1359 877 1410 ut
903 1345 1047 1431 pluribus
1071 1344 1187 1430 placet,
1209 1343 1373 1429 proportio

392 1452 486 1526 ‘est3
516 1447 703 1514 aeternitatis
724 1461 757 1513 et
782 1449 935 1534 temporis
957 1448 1054 1512 nulla.
1100 1447 1185 1526 Quid
1209 1469 1285 1532 ergo
1306 1446 1374 1509 lon-

417 1571 496 1636 gum
510 1551 571 1614 erit
585 1549 618 1612 in
633 1573 681 1628 eo,
698 1549 786 1636 quod
801 1563 905 1616 totum
926 1551 1021 1614 breve
1036 1561 1104 1613 est:
1133 1561 1189 1612 aut
1199 1571 1283 1634 ·quae
1299 1547 1371 1612 bea-

417 1651 522 1718 titudo
533 1652 686 1738 temporis
700 1652 813 1716 animae
825 1651 985 1716 videbitur
999 1651 1163 1730 diuturna,
1176 1650 1202 1714 si
1217 1672 1253 1712 ea
1268 1649 1371 1714 fidelis

418 1763 451 1816 et
473 1763 628 1838 perpetua
654 1754 770 1832 anima,
791 1765 839 1817 est
861 1751 1059 1838 quantolibet
1082 1761 1225 1836 te'mpore
1249 1773 1374 1814 emenso

298 1933 308 1946 ο
418 1854 582 1918 caritura?
621 1855 684 1920 Sed
700 1878 761 1938 ego
775 1857 807 1918 in
824 1853 893 1918 loco
913 1854 986 1930 isto,
1003 1867 1038 1918 ut
1054 1867 1158 1917 tamen
1175 1853 1240 1916 sine
1255 1853 1373 1938 praeju-

418 1956 502 2020 dicio
525 1957 689 2020 sententiae
715 1955 853 2019 melioris
881 1955 931 2019 vel
955 1954 1085 2020 sanioris
1110 1953 1230 2018 dictum
1258 1953 1373 2018 intelli-

418 2070 525 2141 gutur,
551 2057 638 2141 longi
665 2057 816 2141 temporis
846 2080 978 2141 regnum
1007 2057 1069 2122 dici
1099 2057 1245 2130 arbitror,
1271 2056 1372 2140 ipsius

419 2156 532 2221 animoe
555 2157 765 2222 indeficientis
795 2171 933 2239 aetatem,
957 2181 1051 2244 quam
1082 2179 1141 2244 pro
1171 2159 1250 2222 bene
1271 2157 1369 2220 admi·

419 2259 552 2322 nistrato
571 2279 682 2343 regno,
697 2271 826 2324 aeternae
845 2259 1053 2324 beatitudinis
1074 2259 1176 2344 gloria
1195 2259 1368 2322 coronabit.

420 2361 527 2436 Quum
540 2358 622 2422 enirn
639 2372 762 2424 certum
777 2361 818 2424 sit
834 2361 921 2447 quod
938 2361 1028 2424 Deus
1043 2359 1258 2425 remunerabit
1273 2381 1369 2444 opera

419 2459 616 2544 singulorum
633 2472 665 2524 et
686 2461 827 2525 omnium
845 2464 877 2524 in
895 2461 1108 2526 misericordia
1124 2463 1225 2540 uberi,
1242 2462 1290 2525 vel
1302 2463 1371 2549 jus-

419 2562 490 2626 titia
512 2561 665 2647 pleniori,
701 2583 783 2646 quos
805 2561 924 2625 lumine
946 2561 1070 2625 clariori
1094 2565 1249 2648 respiciet,
1274 2585 1370 2646 quam

418 2663 488 2726 illos
516 2664 574 2749 qui
602 2685 711 2726 omnes
739 2663 779 2726 ad
807 2661 968 2748 justitiam
995 2676 1157 2740 exercent,
1184 2663 1234 2726 vel
1264 2687 1367 2728 secum

417 2765 572 2829 traxerint
594 2763 636 2827 ad
657 2768 816 2828 mortem?
855 2763 946 2828 Sicut
966 2787 1043 2848 ergo
1061 2777 1207 2850 potentes
1222 2779 1369 2850 potenter

417 2879 575 2930 tormenta
594 2866 769 2950 patientur,
789 2866 833 2928 sic
854 2877 885 2929 et
902 2865 1039 2950 justitiae
1059 2867 1199 2950 praemiis
1218 2867 1367 2930 fruentur

417 2965 554 3050 plenius,
571 2966 598 3028 si
620 2979 705 3030 recte
726 2966 925 3030 exercuerint
948 2978 1166 3050 potentatum
1193 2979 1226 3032 et
1246 2978 1367 3032 tantam

417 3067 449 3128 in
471 3065 582 3130 futuro
601 3088 668 3151 prae
683 3066 819 3131 subditis
833 3068 997 3132 habebunt
1013 3067 1159 3152 gloriam,
1175 3081 1294 3154 quanta
1309 3069 1369 3132 vir-

417 3178 488 3231 tute
506 3189 560 3229 eos
580 3166 613 3229 in
634 3189 749 3253 magna
769 3167 976 3254 delinquendi
992 3167 1118 3232 licentia
1133 3181 1367 3254 praecesserunt.

418 3269 543 3347 Potuit,
557 3269 674 3356 inquit,
696 3272 896 3356 transgredi3
925 3284 957 3335 et
978 3293 1040 3336 non
1063 3283 1110 3336 est
1131 3285 1365 3357 transgressum

415 3371 518 3436 facere
544 3373 638 3451 mala,
661 3386 694 3438 et
715 3396 777 3438 non
802 3374 895 3438 fecit:
927 3373 999 3438 ideo
1021 3373 1161 3438 stabilita
1183 3385 1257 3437 sunt
1279 3374 1364 3437 bona

417 3473 504 3539 illius
524 3478 556 3539 in
578 3475 726 3541 Domino.
772 3475 823 3540 Ad
839 3475 1152 3562 justitiamnamque
1167 3474 1366 3560 principibus

416 3587 585 3659 reputatur
599 3575 695 3638 etiam
711 3599 814 3661 quum
830 3589 1008 3663 temperant
1022 3579 1063 3640 ab
1085 3575 1233 3660 injuriis:
1265 3590 1297 3640 et
1320 3576 1367 3639 fa-

415 3673 518 3738 cultas
540 3675 757 3762 delinquendi,
776 3690 823 3742 est
837 3679 888 3742 eis
910 3677 1042 3742 materia
1061 3677 1258 3745 meritorum.
1303 3683 1368 3743 De-

416 3776 535 3844 clinere
556 3800 577 3842 a
603 3778 687 3842 malo
715 3779 747 3843 in
770 3780 815 3844 eis
843 3803 996 3865 magnum
1020 3793 1080 3857 est,
1103 3781 1226 3846 etiarnsi
1252 3802 1367 3862 magna

363 3926 379 3948 .
415 3876 499 3942 bona
520 3903 582 3944 non
605 3881 737 3963 faciunt,
758 3882 837 3947 dum
861 3896 966 3949 tamen
994 3881 1142 3948 subditos
1167 3880 1366 3966 indulgentia

415 3980 569 4045 malorum
591 4005 654 4046 non
675 3983 842 4067 perimant.
862 4008 863 4012 ¹
887 3985 1001 4048 Nonne
1022 4006 1172 4068 magnum
1198 3996 1257 4062 est,
1275 3981 1364 4068 quod

415 4079 621 4145 beatitudinis
631 4105 727 4168 quam
737 4083 854 4148 babere
865 4085 1027 4163 videntur,
1037 4085 1081 4150 eis
1097 4087 1122 4150 si
1134 4098 1219 4149 recte
1230 4085 1364 4168 egerint,

415 4180 615 4265 promittitur
629 4183 852 4250 continuatio?
876 4187 1078 4271 Impossibile
1092 4187 1203 4251 dicunt
1219 4186 1364 4273 qnidam,

413 4294 446 4346 et
472 4281 523 4346 hic
549 4280 660 4347 florere
683 4307 755 4349 cum
779 4286 911 4364 mundo,
934 4301 965 4350 et
989 4288 1021 4351 in
1046 4301 1200 4354 aeternum
1227 4287 1366 4374 gaudere
