3425 5367
425 700 485 758 144
679 709 815 754 Jonnnus
830 706 1106 754 saumannrsnsrs
1238 693 1318 771 [um.
1336 712 1371 756 11.

421 862 534 949 spiritu
549 871 724 925 exercetur.
756 859 842 922 Hinc
857 870 907 922 est
922 857 1009 944 qnod
1023 859 1222 923 Hierusalem
1235 860 1370 926 ruiturae

319 1015 323 1022 .
422 963 562 1049 Spiritus
576 972 704 1024 sanctus
724 958 939 1044 improperat:
965 958 1128 1045 Principes
1150 960 1199 1024 tui
1214 960 1247 1022 in
1262 970 1373 1024 muuess

422 1062 511 1126 ribus
535 1059 736 1146 judicabant,
763 1057 942 1123 sacerdotes
969 1059 1002 1122 in
1033 1059 1176 1122 mercede
1205 1060 1376 1140 docebant,

421 1180 454 1227 et
479 1161 643 1248 propbetas
669 1159 700 1222 in
732 1159 868 1243 pecunia
893 1159 1092 1236 divinabant,
1115 1173 1149 1224 et
1179 1184 1275 1246 snper
1305 1165 1372 1225 Do-

423 1266 542 1330 minum
565 1261 803 1346 requiescebant
832 1259 991 1325 dicentes:
1022 1261 1193 1348 Numquid
1217 1285 1279 1325 non
1306 1267 1373 1327 Do·

422 1365 528 1429 minus
542 1376 590 1428 est
604 1363 636 1425 in
652 1361 757 1425 medio
771 1358 940 1426 nostrum?
970 1365 1044 1426 Non
1061 1364 1188 1428 venient
1203 1386 1301 1448 supra
1315 1385 1372 1426 nos

422 1464 514 1530 mala.
559 1465 733 1548 Propterea
758 1461 835 1525 dicit
863 1461 1040 1526 Dominus:
1080 1462 1154 1526 Sion
1181 1462 1272 1548 quasi
1296 1485 1372 1547 ager

422 1565 577 1644 arabitur,
601 1576 633 1626 et
661 1561 859 1628 Hierusalem
887 1576 924 1627 ut
953 1562 1098 1626 custodia
1126 1564 1272 1648 pomoerii
1301 1564 1373 1630 erit.

423 1665 488 1740 Qui
513 1688 590 1750 ergo
615 1664 648 1727 in
674 1663 807 1749 pecunia
832 1663 1029 1740 divinabant,
1055 1665 1115 1728 etsi
1143 1665 1373 1766 prophetarum

422 1767 578 1832 insultant
603 1765 740 1838 nomine,
764 1784 849 1849 saepe
873 1765 1048 1845 mendaces,
1072 1789 1196 1851 semper
1221 1765 1373 1847 mendosi,

422 1869 516 1933 alieni
534 1880 606 1932 sunt
632 1867 786 1932 avirtute
809 1883 841 1930 et
864 1867 1043 1952 propbetiae
1057 1867 1200 1932 veritate.
1245 1872 1283 1933 lu
1308 1870 1375 1954 Py-

423 1970 530 2043 thone,
557 1969 680 2054 inquit:
715 1966 803 2052 quasi
834 1967 938 2031 dicate
974 1971 1059 2046 Quia
1087 1970 1215 2035 recessit
1244 1969 1374 2056 spiritus

315 2103 319 2112 ·
423 2070 564 2145 Domini,
576 2069 626 2131 vel
641 2068 835 2154 Pythonicus
848 2070 1063 2154 patrocinetur
1077 2071 1166 2134 mihi.
1196 2074 1241 2134 Et
1256 2071 1375 2135 suscita

326 2221 330 2230 .
423 2169 618 2254 mihiquem
650 2170 762 2233 dixero
791 2169 862 2234 tibi.
917 2170 1041 2256 Utique
1066 2171 1192 2235 fallacia
1215 2170 1373 2235 fallaciam

422 2270 534 2335 trudit.
589 2271 696 2334 Datus
720 2291 776 2332 rex
806 2269 839 2333 iu
866 2291 991 2351 sensum
1022 2273 1206 2357 reprobum,
1232 2271 1288 2356 qui
1312 2271 1374 2335 sibi

423 2383 619 2456 persuaserat
643 2370 822 2456 Pythonem
846 2369 987 2435 scientiae
1010 2372 1190 2457 praesnlem,
1206 2371 1373 2457 praescium

423 2471 619 2549 futurorum,
644 2471 750 2535 arcani
773 2471 896 2536 consilii
919 2473 1090 2549 oonscinm,
1110 2472 1254 2537 veritatis
1276 2471 1374 2536 inter-

423 2582 556 2657 pretem,
571 2571 631 2636 sibi
655 2593 783 2657 quoque
805 2573 974 2656 persuasit,
989 2570 1126 2636 eundem
1146 2583 1234 2635 tanta
1256 2571 1374 2656 praedi·

424 2684 492 2734 tum
508 2682 675 2756 potestate,
691 2682 727 2734 ut
752 2681 859 2756 posset
882 2669 977 2734 etiam
996 2683 1140 2735 mortuos
1163 2670 1326 2747 suscitare,
1341 2683 1374 2736 et

423 2784 521 2836 tautae
544 2771 759 2855 benignitatis,
775 2781 812 2836 ut
826 2770 922 2836 etiam
945 2771 978 2834 in
1002 2794 1052 2849 eo,
1067 2771 1154 2856 quod
1179 2771 1373 2836 rarissimum

423 2887 470 2937 est
485 2884 518 2936 et
541 2871 772 2946 difficillimum,
788 2870 1000 2935 familiaribus
1014 2874 1080 2936 suis
1096 2893 1215 2935 morem
1239 2883 1372 2955 gereret.

423 2970 639 3035 Proculdubio
654 2973 793 3055 elapsum
809 2983 879 3033 erat
892 2993 912 3032 a
929 2969 1081 3032 memoria
1103 2971 1184 3054 ejus,
1199 2984 1257 3035 ant
1279 2970 1373 3035 inuti·

424 3071 496 3134 liter
507 3070 674 3133 tenebatur
684 3069 841 3132 canticum
855 3069 958 3132 fidelis
968 3069 1100 3133 animae:
1126 3071 1205 3153 quia
1216 3072 1375 3135 Dominus

423 3181 470 3232 est
493 3169 551 3255 qui
573 3168 742 3232 mortificat
764 3182 796 3232 et
818 3169 968 3244 vivificat,
984 3168 1115 3232 deducit
1137 3168 1179 3232 ad
1200 3171 1320 3234 inferos
1342 3187 1376 3236 et

423 3269 557 3351 reducit,
574 3291 743 3356 pauperem
759 3269 836 3334 facit
851 3283 884 3334 et
899 3269 993 3348 ditat,
1005 3269 1153 3333 humiliat
1167 3281 1200 3332 et
1215 3268 1374 3348 sublevat,

314 3373 317 3378 ’
423 3385 454 3436 et
471 3371 557 3458 qnod
572 3372 605 3436 in
621 3394 653 3434 se
668 3371 738 3456 ipso
752 3370 918 3458 impletum
936 3371 1058 3434 viderat
1075 3368 1162 3443 Saul,
1178 3369 1309 3433 suscitat
1332 3370 1374 3435 de

425 3470 554 3556 pulvere
569 3493 715 3556 egenum,
733 3485 769 3534 ut
785 3471 891 3534 sedeat
907 3492 979 3532 cum
995 3468 1192 3553 principibus
1207 3481 1239 3530 et
1260 3467 1376 3533 solium·

422 3571 533 3654 gloriae
548 3583 663 3634 teneat.
707 3574 753 3634 Et
775 3570 831 3654 qui
855 3570 923 3632 baec
940 3569 1027 3645 facit,
1043 3567 1254 3653 proculdubio
1276 3569 1374 3632 scien-

424 3668 538 3731 tiarum
557 3667 714 3732 Dominus
728 3681 785 3730 est.
824 3669 870 3731 Et
885 3666 929 3732 ait
945 3666 1059 3730 mulier
1076 3667 1116 3729 ad
1133 3691 1218 3744 eum,
1236 3670 1320 3732 Ecce
1335 3682 1371 3732 tu

423 3767 505 3831 nosti
519 3779 640 3852 quanta
655 3766 765 3831 fecerit
782 3767 871 3847 Saul,
884 3780 916 3831 et
938 3767 1099 3852 quomodo
1112 3768 1243 3834 eraserit
1264 3791 1373 3854 magos

424 3877 455 3929 et
471 3865 584 3928 ariolos
598 3864 638 3926 de
655 3879 748 3928 terra.
787 3866 893 3942 Quare
908 3888 984 3949 ergo
999 3864 1156 3930 insidiaris
1166 3869 1280 3930 animae
1295 3890 1372 3930 meae

425 3980 461 4030 nt
483 3966 631 4030 occidar?
671 3967 716 4031 Et
733 3967 855 4052 juravit
877 3967 905 4030 ei
926 3967 1003 4033 Saul
1025 3967 1056 4030 iu
1082 3969 1230 4043 Domino,
1246 3969 1392 4032 dieensz·

426 4066 511 4130 Vivit
528 4066 685 4130 Dominus
707 4068 860 4153 quianon
886 4070 1008 4133 eveniet
1030 4070 1088 4132 tibi
1112 4070 1282 4155 quicquam
1299 4069 1374 4132 mali
1397 4136 1402 4145 ,

424 4177 555 4252 propter
584 4166 664 4229 lianc
690 4189 766 4231 rem.
821 4173 940 4232 Verum
972 4169 1101 4252 quidem
1127 4182 1186 4245 est,
1212 4170 1289 4254 quia
1317 4170 1374 4254 qui

425 4279 572 4332 versatur
587 4270 618 4328 in
635 4267 791 4345 sordibus,
805 4269 956 4332 sordescit
972 4269 1128 4354 amplins3
1150 4283 1182 4335 et
1194 4292 1290 4354 quem
1306 4291 1378 4354 gra-
