3425 5367
497 755 556 814 130
749 765 890 810 scaurus
905 765 1185 810 sannanaarnusrs
1311 747 1393 827 [cra.
1410 769 1456 818 11..

494 918 632 1006 planetas
660 913 818 1002 placandi,
843 917 901 1001 qui
929 914 1070 979 numeris
1097 925 1203 979 totum
1232 925 1358 982 rotant:
1396 940 1450 982 eos

493 1017 726 1102 Mandrogerus
748 1038 804 1080 nec
829 1027 938 1080 nostro
960 1015 1032 1080 visu
1056 1014 1176 1092 faciles,
1198 1037 1256 1080 uec
1281 1017 1372 1082 dictu
1401 1019 1448 1083 af-

493 1117 606 1182 fabiles
625 1139 692 1182 esse
713 1115 896 1201 respondet,
910 1114 1073 1201 adjiciens,
1090 1114 1181 1201 quod
1193 1127 1317 1180 atomos
1335 1120 1370 1182 iu
1392 1141 1447 1182 ore

494 1215 640 1292 volvunt,
661 1215 768 1280 stellas
787 1227 970 1291 numerant,
990 1214 1057 1278 sola
1078 1227 1204 1278 mutare
1226 1237 1290 1280 uon
1311 1229 1445 1301 possunt

493 1339 559 1381 sua.
604 1315 656 1380 Sic
670 1315 779 1399 itaque
794 1336 813 1377 a
827 1313 1033 1399 dispositione
1048 1312 1187 1376 siderum
1202 1327 1375 1380 eventuum
1391 1340 1446 1381 ne·

492 1417 668 1483 cessitatem
685 1413 812 1498 ingerit,
827 1427 865 1478 ut
884 1413 956 1478 illos
974 1412 1038 1477 sale
1053 1416 1130 1478 satis
1146 1415 1270 1480 urbano
1284 1415 1445 1500 eleganter

491 1519 634 1592 irrideat,
644 1517 701 1604 qui
717 1517 821 1580 visum
836 1527 984 1580 exercent
998 1514 1034 1576 in
1043 1514 1308 1600 contemplatione
1323 1540 1446 1598 eorum,

491 1619 549 1706 qui
564 1619 667 1684 visum
687 1617 829 1704 fugiunt,
843 1628 876 1680 et
898 1614 1103 1702 interpellant
1122 1639 1185 1690 eos,
1201 1617 1259 1701 qui
1278 1616 1368 1702 loqui
1389 1619 1444 1683 de·

491 1720 685 1804 dignantur:
708 1730 741 1782 et
752 1737 854 1803 quum
866 1728 989 1780 atomos
1002 1716 1035 1778 in
1046 1736 1101 1779 ore
1117 1715 1258 1794 volvant,
1269 1719 1443 1786 verendum

489 1835 550 1899 est,
569 1845 609 1885 ne
629 1820 655 1884 si
676 1832 797 1883 atomos
818 1817 1018 1902 genethliaco
1038 1816 1122 1881 forte
1141 1816 1320 1900 intercidat,
1336 1818 1370 1884 in
1389 1843 1444 1886 ex-

487 1921 635 2008 cipienda
649 1917 805 1983 sententia
819 1917 997 1981 coelestium
1011 1917 1149 1981 labatur.
1184 1919 1233 1982 Sit
1244 1941 1321 2004 ergo
1332 1943 1441 1988 eorum

487 2021 620 2106 insignis
634 2019 818 2096 auctoritas,
833 2018 913 2082 dum
929 2018 1052 2082 stabilis
1066 2031 1099 2082 et
1119 2019 1304 2086 inconvulsa
1317 2037 1443 2090 maneat

487 2122 647 2186 creatoris.
693 2122 788 2184 Certe
810 2119 965 2204 quicquid
989 2119 1050 2184 tibi
1076 2123 1167 2184 Mars
1190 2133 1276 2203 tuus,
1298 2136 1355 2188 aut
1380 2125 1443 2188 Ju-

487 2227 570 2308 piter
591 2233 775 2306 suggerant,
791 2220 882 2283 Deus
902 2242 998 2283 verax
1015 2232 1075 2301 est,
1089 2233 1123 2286 et
1138 2233 1176 2286 tu
1190 2222 1269 2288 ditm
1289 2225 1352 2289 illis
1365 2226 1442 2312 plus

484 2345 580 2411 qnam
611 2325 682 2388 Deo
711 2321 824 2399 credis,
854 2321 1118 2406 perniciosissime
1146 2327 1295 2390 mendax.
1341 2329 1441 2393 Astra

483 2425 613 2514 quidem
635 2422 798 2488 mendacia
820 2436 895 2489 sunt
919 2422 953 2486 in
974 2436 1146 2509 conspectu
1168 2426 1250 2512 ejus,
1273 2428 1329 2492 sed
1351 2441 1384 2494 et
1405 2430 1440 2494 in

483 2529 614 2614 Angelis
636 2527 702 2592 suis
727 2526 845 2612 reperit
874 2525 1072 2610 pravitatem.
1118 2529 1166 2593 Ut
1192 2540 1300 2593 tamen
1325 2553 1438 2598 verum

482 2630 595 2707 fatear,
610 2628 670 2695 tibi
685 2640 770 2694 astra
784 2650 848 2692 non
864 2627 1076 2705 mentiuntur,
1091 2630 1146 2694 sed
1162 2642 1199 2694 tu
1220 2631 1299 2716 ipse.
1342 2633 1438 2711 Quod

482 2730 636 2818 deciperis
662 2729 722 2796 tibi
747 2729 882 2814 imputa.
928 2729 1009 2805 Quis
1033 2733 1117 2795 enim
1144 2744 1175 2796 te
1204 2732 1289 2817 cogit
1318 2733 1436 2798 falsum

481 2830 621 2918 putare?
656 2836 748 2897 Deus
770 2851 819 2911 ea,
841 2853 914 2916 quae
936 2831 1157 2915 praeeuntibus
1179 2831 1276 2918 signis
1302 2847 1437 2898 ventura

481 2935 650 3018 conjectas,
665 2932 879 2997 immutabilia
899 2953 966 2994 esse
980 2932 1147 3015 persuasit.
1191 2935 1247 2997 An
1265 2933 1383 2999 falleris
1397 2956 1436 2997 eo

482 3033 569 3115 quod
585 3034 707 3115 figulus
722 3031 864 3104 sibilans,
881 3042 938 3094 aut
953 3030 1006 3092 hic
1021 3033 1161 3097 mundus
1174 3034 1231 3112 ait,
1257 3090 1266 3115 λ

761 3135 834 3188 nulla
845 3135 901 3186 sine
912 3133 972 3202 lege
984 3152 1029 3205 per
1040 3153 1123 3189 oevum

583 3222 670 3286 Errat,
682 3225 710 3274 el
720 3220 818 3272 incerto
829 3218 966 3271 volvuntur
977 3219 1065 3272 sidera
1074 3225 1156 3272 motu.

581 3307 638 3359 Aut
649 3306 672 3358 si
682 3304 738 3358 fata
748 3309 862 3368 movent,
873 3303 942 3368 urbi,
953 3304 1096 3373 generique
1108 3309 1212 3374 parans

585 3393 709 3446 Humano
721 3395 823 3443 matura
833 3387 908 3442 lues?

481 3478 638 3564 Idemque
654 3475 850 3541 manifestius
866 3473 1004 3566 subjicit,

688 3585 725 3636 Et
736 3598 841 3653 superos
853 3580 917 3649 quid
927 3582 1033 3651 prodest
1043 3598 1149 3652 poscere
1160 3580 1262 3634 finem?

580 3669 648 3721 Cum
660 3667 764 3720 domino
774 3683 828 3736 pax
839 3666 891 3716 ista
899 3663 984 3716 venii:
1002 3665 1052 3718 duc
1064 3664 1151 3719 Roma
1161 3665 1288 3719 malcrum

580 3752 738 3806 Continuam
749 3751 852 3812 seriem,
864 3748 1018 3818 clademque
1029 3751 1057 3802 in
1068 3756 1186 3822 tempora
1196 3750 1279 3804 multa

580 3835 714 3899 Protrahe‚
726 3834 796 3890 civili
806 3838 910 3888 tantum
917 3835 975 3905 jam
985 3833 1070 3888 libera
1080 3834 1159 3888 bello.

477 3929 538 3995 Sed
554 3929 766 4016 proculdubio
780 3917 878 3993 multi
894 3928 940 3992 dii
961 3929 1019 4006 tui,
1035 3930 1184 3996 futurum
1207 3928 1325 3993 bellum
1339 3951 1427 3994 amo-

475 4053 548 4094 vere
563 4053 626 4094 non
646 4041 803 4116 poterant,
820 4028 897 4114 quia
917 4029 1024 4105 multi,
1040 4030 1104 4094 imo
1123 4030 1231 4114 potius
1245 4029 1325 4094 nulli
1340 4044 1426 4096 suut.

474 4133 548 4200 Hoc
562 4144 668 4196 tamen
682 4153 766 4194 uuus
781 4143 813 4196 et
831 4133 919 4196 Deus
934 4142 966 4194 et
989 4131 1148 4197 Dominus
1166 4130 1308 4195 omnium
1331 4143 1436 4217 potus'

472 4233 555 4297 isset·
601 4233 701 4298 Novit
716 4233 799 4296 enirn
814 4231 868 4294 ille
882 4243 1008 4298 mutare
1023 4233 1224 4313 sententiam,
1238 4233 1264 4296 si
1281 4251 1318 4297 tu
1333 4234 1425 4297 bene-

471 4332 542 4398 ficio
557 4332 626 4418 ejus
637 4332 824 4398 maleficium
840 4330 940 4394 finias
974 4332 1070 4396 Unde
1083 4346 1117 4397 et
1130 4331 1424 4398 Nabuchodonosor
