3425 5367
432 739 496 798 222
688 751 824 796 rossana
839 750 1116 795 saansaanrursrs
1238 731 1319 810 [tra
1337 753 1378 797 rr.

428 902 538 967 ducit?
561 902 645 986 Ejus
653 923 792 987 namque
807 902 954 965 voluntas
968 901 1000 964 in
1017 901 1066 963 his
1081 901 1144 962 vim
1160 900 1255 965 debet
1265 902 1381 966 habere

422 1003 553 1090 judicii:
570 1017 602 1067 et
611 1003 880 1089 rectissimequod
887 1004 915 1066 ei
927 1003 1067 1089 placetin
1075 1002 1193 1068 talibus
1201 1002 1380 1088 legishabet
1415 1079 1424 1100 ,

427 1105 579 1190 vigorem,
597 1129 636 1168 eo
655 1104 743 1190 quod
764 1105 806 1168 ab
824 1103 987 1190 aequitatis
1006 1119 1112 1168 mente
1133 1104 1204 1187 ejus
1226 1105 1379 1169 sententia

427 1228 490 1270 non
504 1205 674 1270 discordet.
713 1210 765 1271 De
780 1209 872 1270 vultu
888 1219 956 1285 tuo,
967 1205 1084 1290 inquit,
1095 1205 1254 1290 judicium
1271 1227 1377 1268 meum

426 1309 570 1392 prodeat,
583 1307 668 1370 oculi
683 1310 732 1372 tui
746 1307 875 1370 videant
898 1307 1093 1391 aequitatem.
1137 1307 1161 1368 J
1164 1305 1248 1369 ndex
1263 1305 1376 1370 etenim

425 1409 628 1493 incorruptus
641 1422 702 1484 est,
716 1409 811 1494 cujus
825 1408 983 1472 sententia
997 1430 1034 1471 es
1052 1407 1316 1492 contemplatione
1330 1428 1377 1471 as-

426 1507 525 1589 sidua,
535 1513 642 1594 imago
652 1522 702 1574 est
716 1509 888 1594 aequitatis.
922 1508 1065 1572 Publicoe
1073 1531 1150 1592 ergo
1162 1508 1310 1572 utilitatis
1321 1508 1379 1570 mi·

424 1612 570 1692 nister,et
578 1611 739 1698 aeqnitatis
748 1634 859 1675 servus
868 1610 1158 1696 estprinceps,etin
1168 1632 1378 1694 eopersonam

424 1714 585 1801 publicam
606 1713 700 1799 gerit,
714 1713 802 1799 quod
816 1714 959 1776 omnium
981 1712 1113 1798 injurias
1127 1724 1160 1774 et
1182 1711 1308 1787 damna,
1324 1710 1380 1775 sed

424 1829 457 1881 et
472 1814 602 1878 crimina
612 1813 718 1876 omnia
733 1812 885 1898 aequitate
896 1812 999 1875 media
1015 1812 1115 1897 punit.
1140 1811 1240 1896 Virga
1251 1835 1380 1898 quoque

425 1917 496 2002 ejus
509 1932 542 1980 et
556 1914 701 1990 baculus,
717 1913 863 1978 adhibita
883 1913 1098 1978 moderatione
1116 1914 1290 2000 sapientiae,
1304 1937 1378 1978 con-

425 2031 546 2083 tractus
559 2018 700 2082 omnium
714 2031 747 2080 et
761 2039 884 2080 errores
898 2016 938 2079 ad
956 1999 1052 2079 viam'
1063 2017 1188 2081 reducit
1203 2020 1378 2103 aequitatis,

426 2132 463 2184 ut
488 2119 602 2182 merito
627 2122 778 2202 potestati
808 2118 938 2202 spiritus
967 2119 1219 2204 congratuletur,
1249 2120 1375 2182 dicens:

425 2221 524 2305 Virga
538 2233 635 2283 tnaet
651 2219 785 2282 baculus
796 2237 873 2283 tuus
888 2223 957 2304 ipsa
968 2243 1019 2283 me
1029 2222 1190 2284 consolata
1205 2233 1289 2284 sunt.
1314 2221 1379 2284 Sed

423 2335 456 2387 et
469 2322 602 2408 clypeus
615 2322 684 2407 ejus
698 2321 790 2385 fortis
803 2323 947 2407 quidem,
963 2322 1020 2386 sed
1035 2323 1231 2386 intirmorum
1247 2322 1379 2408 clypeus

423 2437 482 2506 eat,
496 2438 529 2489 et
550 2425 606 2510 qni
627 2423 869 2510 malignantium
888 2425 996 2510 jacula
1011 2447 1070 2511 pro
1090 2426 1308 2490 innocentibus
1323 2449 1379 2512 po-

426 2537 529 2591 tenter
542 2526 691 2611 excipiat.
736 2524 885 2591 Officium
903 2550 1032 2612 quoque
1055 2529 1125 2613 ejus
1139 2528 1201 2591 illis
1217 2531 1274 2613 qui
1289 2529 1380 2592 mini-

424 2652 512 2694 mum
527 2641 672 2715 possunt,
687 2627 862 2714 plurimum
886 2629 1027 2713 prodest,
1042 2643 1073 2693 et
1096 2630 1170 2709 illis,
1186 2630 1243 2716 qni
1266 2652 1378 2694 nocere

424 2731 615 2806 desiderant,
627 2729 800 2816 plurimum
810 2729 1009 2794 adversatur.
1033 2732 1106 2794 Non
1118 2755 1194 2816 ergo
1206 2731 1271 2795 sine
1282 2755 1378 2796 causa

422 2834 566 2919 gladium
582 2844 700 2919 portat,
716 2855 782 2917 quo
802 2833 985 2896 iunocenter
1000 2834 1185 2918 sanguinem
1207 2834 1325 2910 fundit,
1341 2847 1378 2899 ut

424 2950 529 3000 mmen
552 2936 602 2998 vir
615 2935 807 3018 sanguinum
829 2956 894 2997 non
910 2933 962 3012 sit,
977 2943 1010 2996 et
1031 2935 1173 2998 homines
1196 2935 1379 3021 frequenter

423 3037 558 3112 occidat,
574 3048 611 3099 nt
627 3058 688 3098 non
704 3035 845 3099 incurrat
865 3057 981 3098 nornen
997 3035 1158 3100 homicidii
1181 3036 1229 3099 vel
1246 3051 1379 3102 reatum.

426 3137 459 3201 Si
474 3137 556 3200 enim
568 3159 685 3220 magno
700 3136 839 3201 creditur
855 3136 1053 3221 AugustinO,
1068 3136 1173 3201 David
1190 3138 1238 3200 vir
1254 3138 1380 3221 sangui-

423 3259 500 3304 num
515 3238 622 3303 dictus
636 3252 695 3315 est,
708 3260 770 3301 non
786 3250 917 3323 propter
934 3237 1027 3315 bella,
1040 3238 1094 3302 sed
1111 3251 1241 3325 propter
1255 3239 1376 3304 Uriam.

424 3343 470 3406 Et
493 3340 622 3408 Samuel
647 3361 804 3427 nusquam
835 3340 886 3402 vir
910 3339 1114 3424 sanguinum,
1137 3353 1193 3404 aut
1220 3339 1380 3404 homicida

423 3443 582 3521 scribitur,
606 3443 679 3506 licet
705 3446 798 3527 Agag
822 3441 1067 3526 pinguissimum
1094 3464 1199 3526 regem
1227 3441 1378 3506 Amalech

423 3544 627 3610 interfecerit.
666 3545 730 3608 Hic
745 3543 902 3629 siquidem
919 3541 1047 3627 gladius
1061 3555 1108 3606 est
1124 3542 1289 3617 columbae,
1307 3567 1379 3629 quae

424 3644 489 3707 sine
500 3641 573 3705 felle
582 3642 718 3716 rixatur,
730 3642 795 3704 sine
805 3642 970 3706 iracundia
982 3641 1066 3718 ferit,
1078 3655 1110 3706 et
1122 3665 1223 3728 quum
1238 3643 1379 3722 dimicat,

423 3743 543 3808 nullam
564 3743 692 3806 omnino
718 3738 856 3829 oo‘ncipit
882 3743 1139 3808 amaritudinem.
1184 3749 1269 3810 Nam
1295 3746 1379 3810 sicut

423 3847 477 3913 lex
498 3846 610 3932 culpas
631 3846 833 3932 persequitur
856 3845 922 3909 sine
943 3845 1017 3909 odio
1039 3869 1258 3932 personarum,
1281 3847 1327 3910 ita
1348 3859 1381 3911 et

422 3948 569 4036 princeps
599 3946 821 4031 delinquentes
845 3945 1018 4009 rectissime
1047 3947 1154 4032 punit,
1182 3969 1243 4009 nnn
1268 3946 1379 4032 aliquo

422 4048 593 4112 iracundiae
614 4060 717 4127 motu,
732 4047 786 4111 sed
809 4062 984 4112 mansuetae
1007 4048 1085 4132 legis
1105 4047 1248 4112 arbitrio.
1295 4048 1379 4111 Nam

422 4154 481 4215 etsi
502 4172 574 4214 snos
595 4148 742 4234 princeps
764 4149 911 4214 videatur
934 4150 1051 4214 habere
1073 4153 1209 4226 lictores,
1230 4149 1298 4236 ipse
1322 4163 1379 4214 aut

420 4249 784 4336 solusautp1·aeeipnus
806 4250 984 4315 credendus
1009 4264 1056 4316 est
1079 4251 1182 4331 lictor,
1195 4252 1257 4334 cui
1280 4251 1379 4317 ferire

420 4354 543 4420 licitum
568 4363 628 4428 est,
655 4373 712 4437 per
737 4353 936 4438 suppositam
963 4375 1104 4418 manum.
1149 4357 1197 4419 Ut
1223 4353 1308 4418 enim
1335 4352 1377 4418 ad
