3425 5367
470 708 534 767 274
727 720 865 765 sosuurs
880 718 1157 766 ssnnssnnrnusrs
1299 704 1381 784 [ms.
1398 722 1428 765 v.

472 871 625 937 Nicoisus
637 885 754 960 quarta
768 884 800 937 et
816 882 907 936 sexta
920 870 1000 935 feria
1014 871 1110 937 semel
1125 871 1257 952 lactens,
1272 872 1304 936 in
1321 872 1426 937 cunis:

473 992 529 1042 sut
537 975 659 1042 meritis
668 976 829 1061 exgratia,
839 987 877 1040 ut
889 974 945 1061 qui
954 974 1039 1039 sacili
1052 974 1103 1039 vis
1116 977 1270 1041 bonorum
1281 998 1427 1062 operum,

473 1077 553 1142 sieut
578 1081 738 1163 poenitens
766 1076 860 1150 istro,
886 1076 936 1140 vel
961 1075 1082 1141 difficili
1111 1090 1143 1141 et
1172 1076 1259 1143 felici
1289 1077 1426 1143 transitu

471 1192 633 1243 merentur
647 1202 746 1265 regna
759 1178 924 1255 ooeiorum,
941 1177 1029 1243 velut
1045 1178 1276 1265 Apostolorum
1297 1179 1426 1255 chorus,

471 1291 504 1345 et
519 1282 712 1366 Martyrum.
749 1283 821 1345 Hos
833 1291 942 1343 sutem
958 1288 1023 1343 tres
1037 1278 1164 1343 ordines
1177 1280 1284 1345 innuit
1299 1284 1405 1360 Msro,

753 1428 850 1483 Facilis
862 1429 1002 1481 descensus
1014 1427 1120 1480 Averni.

577 1516 677 1569 Noctes
688 1522 766 1586 etque
779 1518 836 1570 dies
846 1522 921 1588 patet
932 1518 981 1570 stri
988 1518 1071 1589 janus
1083 1516 1169 1571 Ditis:

577 1601 631 1655 Sed
641 1618 760 1655 revocare
770 1603 889 1671 gradum,
902 1619 1059 1674 superasque
1072 1602 1182 1656 evadere
1193 1602 1227 1655 sd
1238 1619 1323 1667 sures,

578 1687 638 1741 Hos
649 1704 721 1760 opus,
733 1689 776 1741 hio
786 1688 861 1741 labor
872 1692 924 1741 est:
943 1689 1026 1759 penei,
1039 1706 1103 1757 quos
1114 1706 1204 1759 oequus
1215 1689 1311 1743 amavit

576 1772 688 1844 Jupiter,
699 1779 744 1827 sut
755 1774 849 1827 sidens
860 1776 949 1828 evexit
960 1774 994 1827 sd
1006 1773 1106 1827 aethers
1116 1774 1207 1840 virtus,

576 1859 637 1911 Diis
647 1860 730 1928 geniti
739 1866 856 1931 potuere.

471 1998 561 2070 Quos
575 2016 651 2079 ergo
670 2017 792 2059 morum
807 1994 964 2080 elegantia
983 1994 1102 2059 divinse
1123 1994 1268 2060 videmus
1287 1995 1423 2061 bonitati

470 2097 658 2171 conformes,
673 2096 826 2161 debemus
847 2110 998 2183 tanquam
1014 2097 1209 2163 verissimam
1233 2110 1265 2163 et
1280 2096 1423 2162 fidelissi-

470 2220 554 2263 mam
580 2197 643 2262 Dei
671 2198 842 2281 imaginem
866 2199 1018 2262 venerari.
1063 2198 1207 2263 Ministri
1232 2220 1308 2262 vero
1338 2212 1423 2278 sunt,

470 2320 552 2385 quos
565 2298 731 2385 dispositio
745 2299 853 2367 divina
867 2300 1002 2381 vocavit,
1013 2312 1050 2365 ut
1065 2299 1265 2387 corripiendo
1279 2312 1311 2364 et
1326 2300 1423 2363 sorri-

469 2400 577 2486 gendo
597 2401 686 2482 vitis,
699 2414 757 2467 sut
779 2402 916 2467 virtutes
932 2401 1110 2478 inserendo,
1125 2414 1182 2466 aut
1203 2401 1422 2487 propagando,

470 2522 559 2565 sunm
575 2512 608 2565 et
627 2499 762 2564 siiorum
783 2512 955 2586 procurent
979 2499 1123 2565 salutem.
1170 2500 1234 2577 Qui
1253 2521 1328 2563 vero
1347 2498 1422 2563 siin

465 2602 540 2687 jure
554 2600 695 2666 humano
712 2602 906 2679 ministrant,
922 2614 1012 2666 tanto
1029 2600 1193 2665 inferiores
1207 2612 1282 2665 sunt
1303 2600 1353 2664 his
1367 2600 1423 2686 qui

469 2702 650 2770 ministrant
665 2702 696 2767 in
713 2702 832 2780 divino,
844 2715 1003 2789 quantum
1015 2701 1131 2766 divinis
1145 2702 1283 2766 humsns
1294 2702 1421 2767 cedunt.

472 3054 551 3138 Cep.
568 3061 597 3117 5.
623 3056 702 3128 Ques
715 3075 813 3136 poena
828 3058 997 3118 immineat
1013 3056 1073 3134 Iris,
1086 3057 1143 3139 qui
1157 3057 1316 3119 ministris
1329 3058 1422 3120 ecele-

513 3156 566 3217 sioe
587 3156 789 3237 locorumque
812 3156 1055 3234 venerabilium,
1078 3158 1222 3241 injurias
1249 3160 1419 3241 inserunt:

513 3266 544 3322 et
574 3257 612 3321 de
637 3259 816 3339 privilegiis
840 3259 978 3321 locorum
1002 3260 1249 3323 venerabilium:
1282 3266 1313 3322 et
1336 3260 1423 3340 quod

512 3360 667 3423 absolutio
681 3380 740 3423 nee
749 3362 887 3443 pervim
902 3363 1092 3441 entmquem,
1109 3381 1167 3423 nec
1180 3362 1302 3441 surripi
1318 3367 1423 3443 potest

511 3464 745 3545 perfiaudem,

514 3612 555 3673 Iu
569 3608 620 3673 his
633 3622 740 3673 sutem
756 3611 814 3695 qui
824 3612 900 3695 jura
914 3611 1025 3677 divina
1039 3609 1232 3690 ministrant,
1249 3612 1338 3677 Deus
1352 3634 1420 3696 prae

470 3707 591 3775 coeteris
602 3709 776 3775 honoratur
790 3724 847 3775 sut
860 3712 1020 3798 spernitur
1032 3736 1041 3785 ;
1065 3734 1167 3797 quum
1181 3712 1308 3777 illorum
1325 3713 1421 3777 hono-

468 3833 547 3891 rem,
567 3823 624 3876 sut
647 3823 864 3897 contemptum
888 3812 1053 3898 proprium
1077 3826 1214 3899 reputet.
1260 3816 1347 3877 Hinc
1373 3826 1420 3877 est

469 3913 567 3977 illud:
595 3914 669 3999 Ego
684 3913 752 3977 dixi
769 3913 824 3978 Dii
839 3914 922 3979 estis
959 3916 1004 3979 Et
1027 3914 1111 3978 labia
1126 3914 1297 3979 sacerdotis
1311 3928 1421 3978 custo·

469 4010 560 4077 diunt
577 4014 750 4087 scientiam,
767 4027 800 4078 et
816 4014 918 4100 legem
938 4018 1108 4100 requirunt
1123 4037 1163 4077 ex
1178 4037 1233 4077 ore
1247 4014 1327 4099 ejus,
1343 4014 1421 4099 quis

468 4112 601 4197 angelus
615 4110 748 4178 Domini
762 4115 960 4180 exercituum
976 4126 1036 4178 est.
1071 4114 1147 4199 Ipsa
1161 4136 1291 4199 quoque
1303 4114 1419 4179 veritas

468 4213 534 4278 sit:
566 4214 631 4290 Qui
653 4237 709 4278 vos
728 4215 831 4293 audit,
848 4240 899 4281 me
920 4214 1029 4279 audit:
1065 4215 1199 4300 quivos
1221 4214 1344 4302 recipit,
1367 4238 1418 4279 me

465 4314 588 4400 recipit,
603 4327 634 4380 et
651 4316 706 4401 qui
722 4339 778 4381 vos
793 4318 925 4403 spernit,
942 4315 1062 4401 spernit
1078 4339 1151 4383 eum
1175 4318 1232 4403 qui
1248 4340 1298 4382 me
1313 4316 1417 4381 misit:
