3425 5367
449 730 489 791 tu
706 744 843 791 sossius
859 744 1137 791 snumaunrnnsrs
1274 733 1356 813 [niu.
1373 753 1396 799 1.

447 894 519 961 dem
534 895 635 960 culice
658 916 754 961 aureo
772 899 952 963 universnm
973 919 1101 963 curnem
1122 900 1270 977 inebriat,
1286 916 1320 968 at
1341 904 1398 967 ad·

447 1017 555 1061 versus
577 998 791 1071 Hierusalem,
807 1020 881 1082 quae
896 1021 1020 1065 sursum
1043 1010 1102 1076 est,
1118 1012 1221 1067 castre
1243 1007 1399 1069 construit

447 1096 659 1181 proculdubio
668 1100 816 1183 peritura,
826 1101 945 1185 quibus
953 1103 1098 1187 quisquis
1107 1104 1252 1167 militium
1261 1116 1402 1187 prestat,

448 1210 603 1283 perpetua
626 1212 809 1265 sanctorum
838 1203 1063 1267 maledictione
1088 1188 1266 1269 damnetur.
1310 1208 1401 1270 Esau

447 1322 577 1386 quoque
593 1303 795 1367 venationem
811 1306 965 1384 exercuit,
979 1316 1011 1368 et
1025 1305 1249 1371 benedictione
1268 1319 1401 1390 paterne

446 1404 562 1466 meruit
575 1402 763 1469 defraudari.
810 1404 851 1469 In
866 1407 954 1470 silvis
968 1408 1100 1489 collegit
1121 1408 1269 1486 esuriem,
1284 1420 1319 1471 ut
1339 1409 1399 1471 im·

447 1504 611 1570 moderato
644 1517 723 1571 aestu
751 1509 936 1573 lenticulam
967 1510 1215 1593 concupiscens,
1242 1531 1400 1594 praeroga·

447 1607 544 1671 tivum
569 1608 852 1691 primogenitorum
879 1610 997 1693 exigno
1022 1611 1133 1693 precio
1155 1622 1187 1674 et
1208 1612 1265 1674 vili
1286 1608 1398 1674 distre·

448 1709 554 1774 heret:
585 1720 617 1774 et
632 1710 750 1795 jugum
764 1712 925 1775 servitutis
942 1712 1151 1776 haereditarioe
1174 1713 1346 1776 transmisit
1366 1712 1401 1774 in

448 1821 602 1893 posteros,
619 1821 654 1873 ut
675 1811 791 1875 ditioni
805 1812 946 1888 minoris,
962 1812 1019 1893 qui
1041 1812 1128 1873 domi
1150 1810 1297 1890 degebat,
1314 1814 1400 1875 colle

449 1920 677 1993 supponerent.
722 1912 960 1973 Fruticentibus
984 1910 1059 1991 pilis
1080 1912 1255 1973 horrebant
1276 1933 1403 1989 manua,

448 2030 509 2073 nec
524 2010 610 2071 enim
623 2010 706 2072 lenis
726 2030 795 2073 esse
819 2019 945 2092 poterat
959 2019 1058 2087 tactu,
1073 2010 1224 2073 silvestris
1245 2012 1399 2086 moribus,

449 2109 634 2191 cultumque
650 2109 745 2173 vestis
762 2108 926 2193 praeciosae
947 2109 1035 2172 domi
1049 2110 1233 2193 reliquerat,
1249 2108 1303 2193 qui
1322 2112 1402 2175 assi·

449 2207 514 2273 duo
535 2216 653 2271 venatu
672 2210 795 2272 virtutis
819 2209 980 2293 abjecerat
1002 2209 1234 2274 indumentum.
1280 2213 1402 2276 Frater-

448 2330 525 2373 num
542 2310 728 2393 sanguinem
743 2312 880 2386 sitiebat,
891 2321 924 2375 et
938 2332 972 2375 se
987 2312 1028 2375 eb
1043 2333 1094 2390 eo,
1106 2334 1204 2395 quem
1219 2314 1281 2377 sibi
1295 2312 1404 2377 divina

449 2410 551 2491 gretie
579 2410 619 2475 de
648 2420 781 2493 peteme
810 2410 1036 2475 benedictione
1064 2414 1232 2494 praelatum
1259 2424 1402 2491 noverat,

449 2513 595 2594 placatus
624 2526 697 2577 ente
727 2514 924 2592 muneribus,
950 2535 1014 2576 non
1044 2525 1093 2578 est
1122 2517 1240 2579 veritus
1268 2516 1401 2579 adorari.

390 2600 392 2606 ¹
449 2614 638 2679 Venutiouis
660 2616 754 2679 aeriae
778 2626 940 2681 auctorem
964 2617 1115 2701 jactitant
1139 2617 1239 2681 fuisse
1266 2620 1401 2681 Macha-

449 2716 557 2797 beum,
572 2717 627 2802 qui
649 2717 823 2803 majoribus
846 2728 1034 2802 occupatus,
1049 2716 1146 2801 hujus
1166 2718 1350 2802 voluptatis,
1365 2727 1401 2780 ut

449 2818 599 2900 creditur,
624 2820 720 2883 vitam
751 2819 843 2885 duxit
870 2830 1025 2883 exortem.
1078 2821 1218 2901 Egregie
1244 2818 1403 2903 siquidem

449 2919 536 2982 belle
550 2922 657 3001 gessit,
668 2922 814 2984 frutribus
829 2922 970 2984 restituit
983 2922 1175 2995 libertatem,
1186 2923 1275 3001 leges
1290 2920 1402 2996 erexit,

450 3022 646 3083 ceremonias
661 3020 834 3096 innovavit,
845 3020 1011 3081 mundavit
1022 3029 1144 3092 sancta,
1156 3022 1268 3101 templi
1278 3022 1403 3098 faciem,

450 3117 537 3179 unde
574 3116 636 3179 sibi
674 3117 826 3179 credebat
857 3118 1040 3198 provenisse
1070 3118 1247 3194 victoriam,
1276 3121 1404 3183 coronis

451 3218 554 3281 aureis
569 3216 741 3294 decoravit,
755 3219 927 3301 nullosque
943 3218 1030 3279 illius
1045 3217 1078 3277 in
1095 3227 1188 3278 nctus
1203 3219 1365 3297 surrepsit,

622 3338 879 3406 -mportemque
890 3332 952 3388 'tulit
964 3333 1014 3385 sibi
1024 3337 1088 3384 neta
1098 3330 1224 3402 voluptas.

450 3431 615 3496 Postremo
635 3453 693 3515 pro
709 3435 810 3496 salute
826 3433 955 3495 fratrum
979 3431 1067 3492 lusus
1090 3430 1124 3491 in
1140 3430 1220 3507 acie,
1234 3450 1402 3509 germanos

450 3534 584 3613 legitimi
613 3534 690 3595 belli
728 3534 857 3615 reliquit
885 3530 1029 3593 heredee.
1089 3530 1145 3593 Ab
1175 3539 1268 3595 aetnte
1301 3532 1404 3614 prima

451 3634 503 3695 cui
524 3634 657 3695 rationis
676 3634 780 3714 legem
796 3644 909 3699 nature
929 3633 1176 3717 praescripserat,
1190 3635 1317 3716 inspice
1341 3631 1403 3697 Pa·

450 3732 700 3812 triarchasdata
709 3736 779 3817 lege
788 3736 886 3798 transi
895 3734 936 3799 nd
946 3734 1057 3812 duceS,
1067 3736 1207 3821 procede
1216 3736 1404 3820 adjudices,

449 3834 491 3898 ad
517 3857 608 3917 reges
629 3836 834 3919 progredere,
854 3858 1004 3920 percurre
1028 3838 1142 3901 seriem
1166 3838 1404 3922 prophetarum,

450 3932 555 3997 fidelis
577 3935 689 4018 populi
712 3936 818 3997 officia
843 3946 876 3997 et
901 3936 1008 3999 studia
1032 3946 1237 4020 perscmtare,
1262 3957 1345 4018 quos
1369 3935 1405 3996 in

449 4034 530 4097 serie
553 4035 667 4099 veteris
686 4035 888 4100 instrumenti
907 4038 989 4118 legis
1003 4038 1186 4100 exercuisse
1202 4034 1402 4097 venaticam?

444 4135 576 4217 -Nempe
596 4135 769 4207 Idumaeos,
788 4148 822 4198 at
846 4137 1035 4213 ismaelites,
1058 4147 1091 4198 at
1107 4147 1219 4216 gentes
1240 4155 1313 4216 qum
1333 4135 1401 4195 Do-

449 4236 572 4299 minum
593 4237 790 4301 nesciebant.
837 4236 905 4299 Ubi
927 4244 1001 4299 sunt
1021 4235 1137 4317 (inquit
1155 4233 1327 4316 Propheta,
1348 4248 1405 4296 aut

450 4340 476 4402 si
499 4340 610 4417 mavis,
631 4336 706 4401 dum
729 4346 835 4401 tamen
858 4338 892 4399 iu
914 4335 1039 4418 spiritu,
1060 4334 1204 4399 notarius
1225 4335 1401 4418 propheten)
