3425 5367
497 711 558 773 146
753 721 891 768 sossius
906 721 1187 768 saansaaamasrs
1313 703 1395 782 [arn.
1411 722 1450 765 11.

499 877 631 958 viveret,
645 897 703 940 nec
724 873 856 961 aliquod
872 895 946 938 cum
969 872 1015 937 eis
1032 871 1120 936 initoe
1143 870 1369 938 familiaritatis
1392 871 1449 936 ha·

497 978 603 1044 baisse
627 975 860 1042 commercium.
906 976 1000 1040 Nunc
1024 996 1100 1038 vero
1124 995 1198 1038 eum
1224 973 1264 1038 ad
1291 971 1449 1060 Pythonis

496 1078 676 1167 imperium,
690 1077 750 1142 sibi
773 1088 880 1164 sperat
902 1089 935 1142 et
957 1075 1040 1162 petit
1060 1074 1202 1140 excitari.
1247 1075 1326 1140 Vult
1350 1074 1448 1138 etiam

497 1180 538 1246 ad
561 1181 621 1244 hoc
644 1177 716 1263 cogi
741 1177 995 1258 defunctoriam
1020 1174 1109 1262 quod
1124 1175 1218 1240 vivus
1240 1175 1361 1261 impelli
1384 1197 1448 1238 non

496 1283 613 1369 potuit.
660 1279 743 1366 Regi
759 1278 917 1365 siquidem
940 1277 1043 1342 noluit
1058 1276 1198 1341 indicare
1221 1276 1300 1340 dum
1314 1277 1449 1353 viveret,

496 1383 556 1448 nisi
579 1383 666 1468 quod
694 1381 902 1446 indicandum
932 1381 1091 1444 Dominus
1115 1378 1303 1464 inspirabat.
1340 1382 1449 1453 Quum

496 1497 604 1549 autem
633 1483 774 1548 audisset
802 1482 919 1546 mulier
943 1479 1133 1558 Samuelem,
1162 1480 1349 1546 exclamavit
1374 1502 1451 1544 voce

497 1603 625 1670 magna,
645 1596 676 1648 et
692 1582 773 1646 dixit
789 1582 830 1646 ad
847 1581 994 1646 Saulem:
1025 1583 1133 1655 Quare
1153 1579 1331 1667 imposuisti
1346 1580 1449 1644 mihi?

499 1687 554 1749 Tu
565 1708 599 1750 es
610 1683 692 1749 enim
705 1684 791 1750 Saul.
809 1685 849 1747 Se
859 1683 971 1770 utique
980 1683 1145 1769 deceptam
1155 1682 1301 1760 credidit,
1310 1695 1342 1748 et
1352 1685 1450 1748 etiam

497 1801 571 1875 post
600 1788 779 1874 praestitum
812 1787 1046 1872 juramentum,
1075 1785 1189 1850 notitia
1217 1798 1249 1850 et
1278 1787 1449 1871 praesentia

495 1889 649 1976 principis
673 1900 845 1953 oneratam.
890 1887 1048 1973 Dixitque
1072 1887 1103 1950 ei
1127 1909 1205 1962 τοις
1231 1887 1306 1952 Noli
1323 1888 1446 1966 timere,

497 1990 578 2077 quid
600 1990 732 2055 vidisti?
763 1993 808 2054 Et
830 1989 876 2053 ait
898 1987 1013 2052 mulier
1033 1988 1075 2052 ad
1097 1988 1242 2054 Saulem:
1275 1992 1362 2055 Deos
1379 1988 1447 2054 vidi
1565 2009 1569 2016 ’

496 2091 700 2157 ascendentes
725 2090 766 2153 de
791 2104 886 2155 terra
930 2089 1132 2174 Pythonissae
1159 2103 1311 2175 potuerat
1335 2097 1376 2158 ab
1402 2092 1449 2157 in-

496 2205 599 2279 cepto,
626 2191 676 2255 vel
702 2192 806 2257 tenuis
835 2192 911 2256 fidei
935 2191 1041 2256 virum
1070 2190 1247 2258 deteruisse
1276 2195 1447 2282 responsio.

497 2299 638 2360 Deorum
669 2294 827 2381 siquidem
857 2293 1073 2381 pluralitatem
1102 2293 1237 2371 inducit,
1267 2309 1300 2362 et
1338 2321 1449 2364 eorum

496 2397 722 2463 habitationem
739 2397 798 2462 sub
816 2409 911 2470 terra,
925 2409 958 2460 et
972 2396 1006 2460 in
1028 2396 1168 2461 tenebris
1189 2419 1257 2462 esse
1278 2398 1448 2484 significat.

497 2502 593 2568 Dixit
613 2523 690 2586 ergo
712 2499 808 2566 Saul:
832 2498 943 2577 Qualis
965 2511 1013 2563 est
1034 2498 1137 2563 forma
1157 2499 1250 2585 ejus?
1281 2501 1362 2578 Quae
1383 2502 1449 2567 ait:

497 2604 554 2668 Vir
569 2625 664 2668 senex
679 2601 832 2679 ascendit,
847 2613 880 2666 et
895 2601 962 2687 ipse
976 2602 1111 2666 amictus
1125 2613 1173 2668 est
1195 2601 1303 2689 pallio.
1349 2603 1449 2670 Intel-

495 2708 574 2773 lexit
589 2707 700 2793 itaque
719 2704 797 2770 Saul
819 2702 906 2790 quod
925 2701 1053 2768 Samuel
1068 2715 1161 2780 esset,
1176 2716 1209 2769 et
1230 2703 1393 2769 inclinavit
1416 2705 1470 2772 se'

498 2833 594 2898 super
608 2809 720 2875 faciem
736 2830 826 2872 suam
847 2806 880 2870 in
902 2818 1031 2887 terram,
1044 2818 1075 2870 et
1098 2805 1254 2872 adoravit.
1298 2807 1449 2873 Formam

494 2912 582 2978 illius
603 2915 661 2998 qui
683 2910 857 2997 apparebat
879 2908 1048 2993 diligenter
1069 2907 1212 2994 inquirit,
1234 2909 1317 2975 forte
1343 2932 1448 2974 errore

494 3013 662 3097 gentilium
688 3010 852 3096 deceptus,
875 3009 1008 3072 eandem
1034 3008 1165 3073 habitus
1189 3022 1222 3076 et
1248 3013 1448 3096 negotiorum

494 3111 626 3175 formam
642 3110 775 3194 singulis
789 3109 876 3196 apud
892 3108 1010 3172 inferos
1023 3108 1165 3190 credens,
1178 3133 1245 3195 qua
1259 3113 1446 3198 superstites

494 3211 621 3276 fuerant
635 3209 788 3301 insigniti.
836 3209 931 3276 Unde
945 3208 1046 3274 illud:
1075 3207 1160 3282 Quae
1173 3212 1279 3296 gratia
1293 3237 1448 3278 curruum

564 3375 755 3445 Armorumque
766 3374 817 3428 fuit
826 3375 902 3440 viris,
914 3390 973 3443 qnae
984 3393 1046 3427 cura
1056 3375 1171 3427 nitentes

565 3463 678 3514 Poscere
691 3479 779 3531 equos,
791 3463 885 3514 eadem
895 3462 1011 3530 sequitur
1023 3459 1114 3512 tellure
1125 3463 1249 3529 repostos.

496 3613 558 3675 Sed
574 3633 677 3673 nonne
692 3623 840 3694 potuerat
858 3614 959 3674 sancti
975 3611 1035 3674 viri
1048 3609 1162 3673 clarior
1176 3632 1245 3674 esse
1260 3612 1372 3697 gloria,
1388 3630 1445 3682 aut

493 3724 563 3797 post
580 3725 713 3774 mortem
729 3711 864 3774 viventis
879 3710 1008 3776 habitus
1028 3711 1215 3777 immutari?
1245 3715 1292 3779 Et
1314 3718 1446 3801 quidem

493 3811 638 3900 provide,
665 3824 698 3876 et
723 3811 861 3876 fideliter
889 3808 952 3876 noir
978 3811 1056 3878 dicit
1083 3815 1240 3900 scriptura
1267 3818 1443 3884 Samuelem

491 3914 649 4000 Pythonis
674 3915 806 4002 imperio
836 3915 1037 3993 suscitatum,
1067 3915 1122 3981 sed
1152 3917 1325 3984 caecitatem
1354 3921 1445 4008 impii

490 4039 601 4080 sensus
620 4019 796 4104 prudenter
810 4017 975 4104 expressit.
1020 4017 1075 4084 Ait
1090 4017 1186 4096 enim,
1203 4020 1328 4085 Audita
1341 4021 1445 4087 forma

490 4117 551 4182 viri
577 4130 609 4182 et
636 4119 760 4197 habitu,
787 4119 946 4185 intellexit
974 4121 1051 4186 Saul
1079 4120 1166 4206 quod
1196 4121 1321 4186 Samuel
1351 4138 1442 4190 esset.

491 4221 655 4306 Deceptus
671 4221 784 4307 utique
799 4219 975 4293 intellexit;
1006 4219 1092 4305 quod
1108 4233 1196 4284 etex
1216 4244 1254 4284 eo
1276 4224 1442 4307 probatur,

490 4319 575 4406 quod
603 4320 788 4407 subjungit:
817 4327 862 4390 Et
888 4316 1052 4386 inclinarit
1079 4345 1123 4398 se,
1150 4335 1181 4386 et
1207 4322 1361 4388 adoravit.
1407 4326 1443 4390 Si
