3425 5367
307 697 469 780 naevia]
675 705 929 765 miseriacus.
1200 706 1264 766 985

307 890 365 933 nec
375 890 596 953 egressussum
606 870 733 935 ostium.
757 870 791 933 Si
802 867 970 933 adversum
981 890 1031 933 me
1041 879 1126 935 terra
1135 870 1264 951 clamat,

308 981 424 1035 etcum
438 971 509 1058 ipsa
523 970 603 1035 sulci
618 971 688 1057 ejus
701 968 841 1044 defleut;
875 970 900 1033 si
917 970 1042 1035 tructus
1056 972 1128 1059 ejus
1141 972 1263 1037 comedi

307 1072 429 1158 absque
448 1074 595 1159 pecunia,
614 1084 646 1137 et
669 1072 804 1137 animam
828 1070 1039 1156 agricolarum
1063 1074 1132 1159 ejus
1153 1072 1265 1153 afflixi,

308 1172 670 1260 profrumentooriatur
679 1172 756 1237 mihi
765 1171 917 1250 tribulus,
925 1186 957 1239 et
966 1196 1025 1260 pro
1035 1172 1156 1239 hordeo
1164 1174 1265 1262 spina.

310 1278 361 1339 Au
376 1297 440 1339 noo
456 1274 559 1339 credis
573 1296 646 1337 eum
667 1271 833 1339 ambulare
846 1273 878 1336 in
893 1273 1063 1341 latitudine
1083 1275 1266 1341 delitiarum

309 1376 384 1453 Dei,
406 1375 463 1462 qui
485 1374 526 1439 de
547 1373 643 1439 eorde
666 1396 759 1461 puro,
773 1386 807 1438 et
828 1374 1018 1441 couscientia
1038 1375 1134 1454 bona
1150 1388 1182 1442 et
1203 1376 1267 1442 fide

309 1499 374 1541 uon
388 1476 475 1554 ficta,
490 1476 552 1542 sub
565 1476 793 1563 imprecatione
811 1488 903 1541 tanta
922 1474 963 1540 de
985 1500 1018 1542 sa
1039 1478 1101 1543 ista
1123 1478 1266 1545 fatetur?

311 1577 392 1653 Quis
416 1578 550 1642 istorum
581 1578 752 1641 verborum
776 1575 936 1642 desiderat
962 1576 1267 1665 interpretationem,

310 1689 368 1743 aut
382 1680 415 1742 in
431 1690 521 1742 tanta
536 1677 695 1742 virtutum
709 1677 782 1741 luce
796 1698 859 1741 uon
876 1676 987 1742 videt?
1013 1678 1158 1745 Nimium
1175 1678 1269 1765 plane

311 1778 409 1845 hebes
422 1791 483 1856 est,
495 1791 529 1844 et
543 1778 649 1845 obtusi
663 1777 794 1865 ingenii,
805 1778 859 1842 oui
875 1800 932 1866 per
947 1802 980 1843 se
994 1778 1056 1844 ista
1070 1802 1134 1845 uon
1148 1780 1266 1849 lucent.
1348 1808 1350 1815 ·

312 1884 351 1945 In
368 1902 468 1945 nuum
484 1880 536 1945 hic
551 1879 690 1967 plurima
703 1890 930 1965 oongeruntur,
941 1902 1079 1967 quorum
1092 1882 1143 1947 vel
1155 1904 1268 1961 uuum,

311 1984 421 2048 orbem
452 1983 612 2069 quendam
643 1982 803 2047 illustrare
832 1986 1000 2049 sufficeret.
1046 1983 1082 2050 Si
1111 1984 1270 2071 principes

312 2084 404 2171 plura
414 2086 531 2172 legere,
541 2084 589 2149 vel
601 2084 713 2149 audire
721 2083 902 2161 fastidiunt,
913 2084 1022 2150 saltem
1039 2085 1099 2149 hoo
1107 2086 1269 2151 tantillum

311 2188 430 2275 legant,
455 2187 601 2268 audiant,
628 2201 660 2253 et
685 2185 892 2272 inquisitione
921 2186 1069 2274 diligenti
1095 2187 1269 2253 discutiant

312 2289 390 2355 dnm
401 2288 576 2355 imitentur.
606 2288 761 2373 Sequitur
771 2286 854 2351 enim
867 2287 900 2351 iu
911 2288 1039 2353 eodem:
1066 2287 1099 2353 si
1112 2288 1271 2355 audierint

314 2412 416 2475 reges,
443 2402 476 2453 et
498 2387 737 2453 observaverint
764 2409 873 2452 vocem
901 2388 1043 2467 Domini,
1064 2389 1271 2475 complebunt

314 2490 384 2554 dies
399 2512 474 2555 suos
488 2488 520 2553 in
537 2488 632 2566 bono,
646 2502 679 2553 et
698 2510 798 2553 annos
812 2510 887 2553 suos
907 2490 940 2553 in
955 2488 1067 2574 gloria.
1112 2488 1148 2556 Si
1163 2502 1271 2554 autem

315 2614 377 2656 uon
390 2590 561 2668 audierint,
574 2588 757 2656 transibunt
768 2612 826 2676 per
841 2589 995 2674 gladium,
1004 2602 1035 2655 et
1047 2602 1273 2656 consumentur

319 2690 466 2758 stultitia
498 2690 637 2757 Videsne
651 2691 815 2757 inutilium
830 2714 942 2777 regum
954 2691 1115 2778 duplicem
1127 2692 1272 2757 exitum?

315 2798 384 2859 Aut
398 2792 481 2857 enim
498 2815 555 2880 per
569 2792 712 2878 gladium
729 2806 908 2874 transeunt,
922 2806 978 2859 aut
1000 2792 1138 2859 stultitia
1158 2816 1273 2859 oonsu-

316 2906 459 2959 muntur.
497 2897 543 2959 Et
558 2906 642 2959 recte
654 2894 806 2959 dicuntur
821 2894 955 2958 transire
970 2916 1027 2980 per
1042 2892 1198 2979 gladium,
1208 2916 1273 2959 non

317 2993 415 3075 liniri,
428 3016 466 3057 eo
481 2993 569 3080 quod
588 2992 717 3079 gladius
730 2992 824 3079 quasi
845 2992 977 3079 quidam
993 2994 1147 3060 transitus
1165 3006 1213 3060 est
1228 2995 1275 3061 eis

317 3095 360 3159 ad
380 3094 498 3173 locum,
521 3094 577 3159 ubi
600 3093 779 3162 meandum
802 3093 1043 3161 multitudinem
1065 3094 1273 3182 iniquitatum

318 3218 460 3279 suarum,
471 3206 617 3282 potentes
630 3208 779 3283 potenter
793 3196 983 3283 puniuntur.
1014 3195 1122 3263 Sedet
1137 3197 1275 3263 stultitia

316 3298 475 3365 eonsumit
504 3298 631 3385 impios,
653 3298 729 3384 quia
753 3298 786 3363 iu
813 3298 1015 3385 depressione
1040 3298 1151 3386 populi
1176 3300 1275 3365 robur

317 3400 471 3488 principis
484 3412 664 3465 enervatur.
709 3398 856 3485 Populus
870 3422 1009 3485 namque
1028 3402 1198 3479 enutritus,
1213 3400 1273 3464 eri·

318 3524 394 3587 gere
409 3502 491 3567 vires
504 3499 656 3588 principis
670 3522 733 3565 nou
748 3513 865 3587 potest,
879 3514 936 3566 aut
950 3523 1012 3565 uon
1028 3499 1108 3567 vult.

322 3838 402 3925 Cap.
418 3848 449 3906 7.
474 3842 555 3910 Quo
576 3843 661 3905 malo
685 3842 736 3905 nel
757 3842 841 3904 tona
863 3838 1008 3923 satjectis
1028 3844 1219 3923 prmeriont
1241 3843 1280 3905 de

363 3942 504 4007 moritus
522 3945 731 4025 principum:
761 3942 847 4023 quod
867 3948 898 4005 et
924 3943 1104 4023 aliquorum
1126 3947 1279 4023 stratege·

365 4046 488 4107 munte
503 4044 671 4107 roboratur
684 4044 848 4124 exemplis.

367 4196 487 4277 Quasi,
504 4198 618 4285 inquit,
633 4199 689 4286 qui
704 4197 804 4263 mittit
817 4196 958 4283 lapidem
974 4198 1007 4263 in
1023 4220 1172 4265 acervum
1191 4197 1278 4263 Mer·

324 4298 414 4376 curii,
429 4298 475 4363 sio
496 4300 552 4385 qui
567 4300 623 4365 dat
642 4300 803 4385 insipienti
823 4299 987 4365 honorem.
1033 4300 1103 4365 Hoc
1119 4298 1283 4365 adiversis
