3425 5367
453 670 515 730 tto
710 680 847 728 somma
861 681 1145 736 amensamens
1268 663 1352 742 [rm.
1368 678 1408 723 m

453 847 550 898 vatur
570 833 750 906 arbitrium,
776 831 856 896 dum
878 833 906 896 si
927 832 1107 909 volueritis,
1129 845 1163 896 et
1187 831 1214 895 si
1239 828 1409 895 nolueritis

453 935 561 999 dicens
573 936 607 999 in
622 948 794 1019 utramque
808 947 945 1020 partem,
959 957 1024 998 non
1038 957 1079 998 ex
1090 932 1215 1019 jndicio
1227 933 1410 996 irretracta-

453 1035 510 1100 bili
535 1037 644 1100 satove
664 1036 738 1114 Dei,
759 1035 815 1099 sed
837 1058 879 1099 ex
899 1037 1017 1100 merito
1035 1034 1235 1118 singulorum
1258 1032 1409 1096 omnibus

452 1160 579 1223 poenam
603 1137 653 1200 vel
676 1137 846 1222 praemium
869 1137 1078 1222 repromittit.
1122 1139 1217 1201 Esset
1236 1135 1351 1218 utique
1372 1132 1406 1195 in

452 1239 650 1304 voluntatem
677 1237 792 1302 collata
821 1237 964 1302 conditio
992 1236 1194 1322 promerendi
1222 1232 1406 1311 inutilis,si

451 1338 589 1402 faciendi
604 1337 656 1402 vel
670 1359 734 1402 non
747 1337 887 1402 facieffii
905 1338 1085 1413 necessitas,
1099 1350 1183 1402 esset
1196 1334 1405 1424 providentiae

454 1439 670 1504 relictorum
693 1438 829 1503 nexibus
856 1438 991 1523 illigata
1044 1439 1141 1516 Quod
1169 1439 1197 1502 si
1223 1437 1312 1502 istud
1340 1458 1404 1499 non

453 1540 570 1606 sitfficit
583 1541 799 1617 contentiosis,
814 1563 854 1605 an
875 1564 939 1604 oon
953 1564 995 1604 ex
1009 1541 1207 1626 Evangelico
1225 1539 1405 1605 testimonio

452 1657 580 1729 poterat
605 1643 637 1706 in
664 1647 808 1730 passione
833 1643 920 1708 lilius
945 1664 1058 1727 rogare
1082 1654 1206 1727 patrem
1235 1663 1343 1717 suum,
1367 1651 1405 1703 ut

452 1745 619 1809 exhiberet
633 1747 663 1810 ei
677 1744 846 1831 plusquam
867 1743 1036 1808 duodecim
1056 1742 1196 1828 legiones
1209 1741 1404 1828 angelorum,

452 1869 555 1931 quum
569 1859 675 1910 tamen
691 1846 811 1932 liquent
821 1870 861 1910 ex
872 1845 1058 1932 postfacto,
1073 1844 1219 1920 naahas,
1235 1843 1290 1908 sed
1304 1865 1405 1929 oppo-

452 1947 548 2010 situm
578 1949 659 2032 ejus,
688 1947 775 2034 quod
806 1949 953 2032 contigit,
974 1947 1074 2012 fuisse
1100 1948 1275 2033 provisum.
1334 1949 1404 2012 Nec

451 2048 693 2133 perspicacioris
722 2050 841 2131 ingenii
869 2063 997 2114 moreat
1026 2073 1163 2125 sensnm,
1189 2054 1218 2114 si
1246 2050 1279 2114 in
1305 2062 1404 2114 tautae

451 2151 626 2234 majestatis
640 2149 793 2215 scrutinio
804 2151 958 2237 exemplis
972 2151 1149 2234 deficimus,
1157 2174 1216 2216 nec
1226 2152 1405 2217 rationibus

450 2250 665 2332 abundamus,
675 2275 777 2339 quum
788 2252 1028 2317 admirationem
1040 2254 1124 2317 ratio
1138 2253 1241 2328 tollat,
1252 2266 1284 2318 et
1299 2277 1406 2318 exem-

451 2349 578 2434 plorum
593 2351 741 2416 inductio
763 2352 1015 2438 singularitatem
1031 2353 1191 2418 excludat.
1236 2355 1314 2440 Ipsa
1328 2377 1404 2418 vero

450 2451 604 2516 ineffabili
627 2453 849 2538 angularitate
872 2453 1036 2532 mirabilis,
1057 2466 1090 2518 et
1112 2453 1249 2518 mirabili
1274 2457 1405 2518 immen-

452 2553 547 2618 sitate
562 2555 744 2638 singularis,
760 2577 886 2620 omnem
908 2577 1032 2619 sensum
1048 2568 1216 2640 exuperat,
1231 2578 1295 2618 non
1310 2555 1406 2620 modo
1487 2577 1497 2586 ·

446 2656 617 2722 bominum
638 2657 692 2720 sed
713 2656 911 2743 angelorum.
956 2657 1028 2720 Scio
1049 2657 1197 2743 equidem
1221 2657 1297 2744 quia
1316 2681 1403 2722 scru-

452 2770 540 2823 tator
566 2761 741 2846 majestatis
765 2759 967 2846 opprimetur
991 2759 1145 2846 aglono,
1171 2773 1204 2826 et
1233 2782 1275 2825 ex
1298 2759 1404 2824 edicto

452 2861 625 2942 Altissimi,
639 2861 785 2940 bestiam,
801 2862 827 2924 si
847 2873 989 2925 montem
1003 2863 1157 2946 tetigerit,
1173 2862 1335 2949 lapidibus
1348 2862 1405 2926 ob-

450 2963 615 3027 ruendam.
662 2962 758 3027 Unde
779 2985 854 3047 quae
875 2961 907 3024 in
930 2961 1051 3027 talibus
1072 2978 1316 3050 praeponuntur,
1339 2963 1405 3028 sine

450 3062 639 3148 praejudicio
652 3061 831 3139 meliorum,
842 3063 1063 3144 investigantis
1077 3064 1183 3126 animo
1196 3066 1306 3149 potius
1320 3065 1406 3129 dicta

451 3176 538 3240 sunt,
553 3185 649 3251 quam
665 3164 832 3227 temeraria
851 3165 1060 3240 contentione,
1075 3163 1116 3226 ad
1131 3163 1405 3248 impugnationem

450 3266 517 3330 veri
533 3265 654 3353 aliquid
678 3264 858 3330 statuentis.
905 3262 966 3328 Sed
990 3286 1048 3328 nec
1067 3263 1147 3327 illud
1167 3286 1218 3326 me
1237 3264 1317 3326 scire
1331 3287 1408 3331 con-

440 3369 556 3452 ·titeor,
569 3393 628 3436 eur
642 3369 702 3434 boc
717 3368 888 3454 reprobato
902 3366 999 3430 alium
1015 3363 1224 3450 praeelegerit,
1238 3364 1299 3430 nisi
1314 3367 1405 3454 quod

451 3493 523 3534 cum
547 3469 694 3554 patribus
719 3467 818 3532 sentio
842 3467 875 3529 io
898 3463 955 3528 illo
979 3462 1136 3527 occultam
1159 3463 1222 3527 Dei
1241 3465 1402 3551 justitiam

353 3589 356 3596 ·
450 3569 675 3643 venerandam,
689 3567 722 3630 in
738 3567 798 3630 hoc
812 3564 1010 3629 manifestam
1028 3565 1142 3649 gratiae
1156 3568 1401 3634 misericordiam

450 3666 713 3755 amplectendam.
759 3669 842 3732 Nam
866 3679 897 3730 et
920 3665 984 3741 ille,
1001 3666 1058 3752 qui
1080 3682 1193 3755 raptus
1207 3669 1248 3733 ad
1271 3671 1401 3735 tertium

451 3769 566 3834 coelum
585 3767 711 3833 audivit
730 3790 844 3833 arcana
869 3767 978 3850 uerba,
999 3791 1073 3855 quae
1098 3792 1161 3833 non
1184 3770 1257 3836 licet
1283 3770 1403 3836 homini

449 3871 658 3958 loqui,bujus
672 3869 870 3937 difficultatis
884 3869 1053 3936 articulum
1069 3893 1132 3934 non
1148 3883 1213 3938 tam
1229 3871 1403 3940 discutiens

450 3995 546 4059 quam
569 3972 740 4052 admirans,
754 3972 957 4039 altitudinem
980 3971 1165 4038 divitiarum
1189 3974 1351 4060 sapientiae
1370 3987 1404 4040 et

450 4074 590 4142 scientiae
620 4072 681 4138 Dei
711 4073 906 4138 confessione
935 4073 1049 4138 humili
1076 4087 1255 4152 veneratus,
1279 4073 1404 4158 judicia

450 4178 520 4262 ejus
534 4174 875 4261 incomprehensibilia,
891 4189 923 4240 et
935 4175 1002 4238 rias
1016 4175 1322 4261 impervestigabiles
1335 4199 1403 4240 esse

451 4277 652 4368 pronunciat.
705 4279 830 4344 Incerta
852 4290 885 4342 et
907 4277 1032 4343 occulta
1058 4277 1223 4364 sapientia
1249 4277 1323 4359 Dei,
1345 4280 1403 4366 qui
