3425 5367
343 709 412 755 cas.
427 693 476 772 m]
690 710 943 756 eosscasrrcns.
1229 700 1293 756 ‘249

341 884 487 926 excessus
508 861 610 925 omnis
631 861 663 925 in
689 861 806 948 culpa3
840 861 1060 947 bonarumque
1087 884 1193 927 rerum
1217 885 1290 928 con-

342 962 481 1027 suetudo
494 963 603 1040 nimia‚
619 963 755 1048 pessima
768 975 826 1028 est.
873 961 969 1026 Unde
985 961 1139 1028 Etbicus:

447 1089 539 1142 lusani
550 1088 655 1160 sapiens
665 1103 760 1140 nomen
771 1086 846 1152 feret,
858 1103 949 1155 aequus
960 1087 1057 1155 iniqui3

448 1174 527 1228 Ultra
537 1191 616 1242 qnam
625 1173 691 1226 satia
702 1178 752 1239 est,
763 1174 885 1226 martem
897 1174 919 1226 si
930 1179 1004 1243 petet
1014 1173 1106 1244 ipssm.

342 1289 386 1349 Et
402 1285 636 1370 Philosophus:
660 1286 748 1350 Cave
762 1284 851 1370 quod
866 1296 914 1349 est
928 1285 1074 1363 nimium,
1090 1287 1168 1372 quia
1182 1287 1207 1351 si
1223 1287 1291 1354 baec

343 1389 414 1473 ipsa
440 1385 566 1450 cantela
595 1383 781 1449 modestiam
806 1384 935 1461 deserit,
959 1407 997 1449 eo
1025 1387 1096 1472 ipso
1120 1409 1140 1450 a
1165 1390 1292 1455 tramite

344 1485 485 1560 virtutis,
512 1486 639 1550 incaute
667 1484 795 1550 recedit.
845 1484 992 1550 Salomon
1022 1509 1170 1572 quoque:
1206 1489 1291 1567 Noli,

344 1586 460 1672 inquit,
476 1609 544 1650 esse
557 1585 651 1649 nimis
660 1586 780 1671 justus.
810 1584 898 1660 Quid
914 1607 990 1670 ergo
1004 1585 1137 1652 nimium
1153 1589 1293 1674 prodest,

345 1687 372 1750 si
394 1687 505 1772 regina
526 1686 682 1752 virtutum
704 1685 845 1772 justitia,
867 1685 899 1750 in
922 1685 971 1750 sui
994 1687 1157 1753 nimietate
1178 1689 1292 1755 obest?

343 1788 431 1854 Alibi
442 1811 586 1875 quoqne:
604 1788 712 1854 Nimia
721 1787 1038 1868 humilitss‚maxima
1050 1811 1124 1874 psrs
1135 1792 1293 1877 superbioe

344 1904 401 1953 est.
441 1888 489 1953 Ad
505 1888 662 1953 sinistram
678 1886 837 1952 declinare
850 1899 909 1962 est,
921 1907 978 1974 per
992 1887 1131 1974 abrupta
1143 1891 1293 1956 vitiorum

344 2013 364 2054 a
378 1989 428 2052 sis
440 1989 596 2054 virtutum
611 1985 769 2052 declinare
780 1987 829 2051 sel
839 1987 976 2052 deviare.
1007 1989 1102 2070 Item,
1113 1987 1294 2056 deflectitur

344 2091 384 2156 ad
400 2090 570 2168 sinistram,
585 2091 642 2177 qui
662 2089 694 2153 in
716 2090 934 2176 subjectorum
948 2089 1051 2176 culpis
1066 2089 1160 2156 nimis
1174 2114 1294 2178 pronus

345 2193 448 2259 estad
464 2192 648 2268 vindictam,
663 2203 696 2256 et
710 2191 751 2255 sd
766 2191 912 2256 dextram
927 2213 1070 2275 gressum
1086 2203 1226 2278 torquet,
1236 2196 1294 2281 qui

344 2295 605 2381 delinquentibus
618 2316 659 2356 ex
674 2293 918 2357 mansuetudine
930 2292 1022 2356 nimis
1032 2291 1188 2378 indulget.
1228 2296 1296 2361 lter

346 2408 454 2458 autern
476 2407 653 2478 utrumque
673 2392 803 2456 devium
824 2405 885 2470 est,
901 2391 955 2456 sed
970 2392 1056 2478 quod
1080 2391 1122 2456 nd
1136 2394 1294 2461 sinistrum

346 2493 450 2580 vergit
466 2491 671 2579 perniciosius
684 2505 744 2558 est.

368 2757 448 2841 Cap.
468 2761 516 2820 10.
541 2754 629 2831 Quid
641 2757 796 2820 utilitatis
809 2755 849 2819 de
862 2755 1100 2836 cuttujusts'ts'o
1112 2757 1276 2839 principes

697 2857 946 2933 consequantur.

391 2988 461 3052 Ssn
498 2985 650 3070 legitimis
683 2986 784 3071 hujus
816 2984 1027 3050 observantia
1061 3007 1207 3071 quaensm
1237 2987 1299 3052 erit

351 3085 498 3152 utilitas?
535 3091 617 3154 Eam
648 3087 763 3173 utique
791 3087 999 3174 propheticus
1023 3109 1125 3151 sermo
1152 3086 1299 3174 protinus

348 3188 470 3254 subdit.
517 3190 577 3254 Ait
590 3190 693 3254 enim:
718 3190 767 3254 Ut
782 3189 878 3275 longo
893 3203 1035 3276 tempore
1049 3201 1160 3274 regnet
1174 3188 1253 3274 ipse,
1267 3199 1300 3254 et

348 3289 434 3354 filius
447 3291 517 3376 ejus
531 3313 627 3378 super
642 3294 751 3356 lsrael.
795 3291 880 3354 Ecce
890 3311 1037 3375 quanam
1053 3300 1152 3354 tsntoe
1165 3287 1300 3353 difficul-

349 3395 426 3457 tatis
439 3391 550 3457 t'utura
563 3395 605 3457 sit
620 3413 749 3468 merces,
765 3391 844 3456 dum
860 3412 958 3474 regna
973 3401 1104 3476 paterna
1117 3388 1190 3452 filiis
1204 3387 1300 3474 longo

350 3503 491 3578 tempore
510 3491 721 3578 protelantur.
767 3492 818 3556 De
834 3491 953 3556 virtute
971 3513 1110 3577 nomque
1131 3501 1301 3575 parentum

349 3593 554 3677 protenditur
572 3594 728 3659 successio
749 3594 901 3666 filiorum,
924 3606 955 3657 et
978 3591 1212 3658 succedentium
1235 3590 1302 3655 leli-

350 3693 440 3770 citas,
455 3715 495 3758 ex
509 3693 731 3759 decedentium
751 3693 921 3779 iniquitate
935 3690 1172 3777 praescinditur.
1217 3689 1301 3755 Nam

351 3792 491 3879 Spiritus
515 3795 616 3859 sancti
641 3809 764 3860 certum
793 3806 840 3858 est
873 3792 1064 3868 testimonio,
1090 3791 1166 3876 quia
1188 3791 1301 3876 injusti

350 3893 544 3980 deperibunt
566 3895 672 3970 simul,
696 3910 729 3960 et
753 3893 897 3980 reliquia·
918 3893 1089 3978 impiorum
1113 3890 1301 3956 interibunt.
1340 3945 1351 3965 ,

352 3996 445 4060 Salus
458 4009 565 4062 autem
580 3998 745 4082 justorum
759 4019 780 4060 a
794 3994 933 4060 Domino
947 4007 1005 4070 est,
1022 3996 1079 4080 qui
1094 3991 1234 4078 protegit
1248 4015 1302 4056 eos

350 4096 383 4158 in
399 4111 541 4184 tempore
556 4097 779 4166 tribulationis.
825 4097 887 4162 Sed
904 4119 1005 4184 quum
1026 4094 1187 4160 eternitas
1201 4093 1302 4160 totius

352 4197 503 4281 temporis
516 4211 765 4284 quantacunque
780 4197 833 4272 sit,
846 4218 902 4282 per
919 4195 1128 4260 minutissima
1142 4203 1302 4258 momenta

350 4295 487 4374 deficiat,
508 4318 540 4363 et
562 4302 594 4364 in
615 4321 654 4364 eo
674 4311 743 4364 toto
763 4321 825 4362 non
846 4297 906 4362 nisi
926 4295 1096 4361 admodum
1118 4295 1213 4358 breve
1235 4313 1301 4356 mo·
