3425 5367
430 731 492 792 las
686 743 822 789 rosruus
838 743 1113 790 ssnnsanrunusrs
1231 727 1315 803 [urs.
1331 745 1384 792 111.

430 898 491 962 sibi
499 896 637 978 gerenda
643 907 744 971 erant,
754 897 899 960 sufficere
906 896 1083 961 arbitratus.
1099 897 1144 960 Et
1154 895 1284 981 quidem
1290 898 1386 961 etiam

426 999 498 1083 ipsa
511 999 617 1081 imago
638 999 771 1077 virtutis,
793 1018 885 1062 suam
905 999 1066 1083 quandam
1086 999 1185 1063 babet
1206 999 1383 1063 venustatis

425 1100 615 1184 decorisque
637 1100 825 1177 claritatem,
853 1111 891 1164 ut
912 1099 1068 1184 quicquid
1096 1101 1130 1163 in
1160 1121 1200 1176 ea
1230 1102 1381 1176 cemitur‚

425 1200 496 1286 ejus
517 1201 631 1264 merito
661 1211 830 1264 venustum
860 1199 1006 1264 credatur
1034 1211 1067 1265 et
1097 1201 1260 1266 decorum.
1305 1203 1393 1274 Nou¹

423 1313 532 1366 tamen
554 1320 784 1385 usquequaque
806 1300 958 1363 decorum
984 1310 1043 1376 est,
1068 1299 1156 1382 quod
1181 1301 1217 1363 in
1237 1300 1380 1365 tenebris

425 1402 612 1486 ignorantia
622 1403 824 1466 obscuratur:
837 1421 899 1465 nec
908 1411 1015 1486 potest
1021 1401 1189 1485 quisquam
1201 1402 1383 1479 clarescere,

424 1505 488 1568 nisi
501 1504 535 1565 in
547 1502 612 1566 fide
626 1502 722 1582 illius,
734 1502 788 1586 qui
799 1503 857 1564 lux
872 1521 948 1565 vera
962 1512 1019 1577 est,
1036 1509 1067 1564 et
1077 1501 1238 1564 illuminat
1253 1521 1380 1564 omnem

424 1606 600 1682 hominem,
627 1604 810 1666 venientem
839 1603 873 1665 in
902 1603 990 1666 hunc
1019 1601 1187 1665 mundum.
1232 1601 1288 1666 Ex
1318 1622 1382 1686 quo

426 1714 525 1789 patet,
548 1703 638 1788 quod
663 1700 725 1766 nisi
746 1703 781 1764 in
803 1701 870 1764 veri
892 1701 957 1763 Dei
981 1701 1106 1779 notitia,
1129 1711 1162 1764 et
1184 1702 1285 1776 cultu,
1309 1722 1383 1765 vera

426 1808 525 1870 virtus
539 1826 610 1869 esse
626 1825 690 1866 non
706 1804 817 1886 possit.
863 1800 958 1874 Quod
974 1812 1007 1865 et
1021 1802 1101 1865 visio
1113 1801 1300 1865 Ezechielis
1314 1822 1381 1865 non

426 1907 537 1982 tacuit,
553 1905 610 1989 qui
630 1925 751 1982 eorum,
772 1925 844 1987 quae
864 1901 1091 1986 praecedebant
1113 1913 1145 1964 et
1166 1903 1382 1985 sequebantur

427 2007 604 2083 Christum,
618 2003 755 2068 eandem
769 2003 1003 2066 confessionem
1018 2022 1088 2065 esse
1104 2001 1257 2065 asseruit:
1281 2001 1382 2064 Sanc·

425 2116 528 2171 torum
544 2107 665 2189 quippe
687 2104 802 2167 veteris
817 2113 849 2167 et
864 2103 940 2164 novi
960 2102 1143 2167 testamenti
1158 2102 1191 2164 in
1212 2122 1251 2165 eo
1267 2100 1381 2165 distin·

427 2208 534 2290 guitur
547 2205 639 2281 fides,
659 2204 746 2287 quod
761 2204 815 2267 isti
829 2204 901 2289 jam
915 2203 978 2267 sibi
992 2203 1134 2286 gaudent
1147 2203 1291 2286 impleta,
1309 2225 1380 2287 quae

426 2308 475 2370 illi
489 2307 705 2390 expectabant
720 2314 753 2369 et
775 2304 1002 2369 desiderabant
1020 2305 1194 2390 implenda.
1239 2306 1288 2369 Sit
1303 2327 1381 2388 ergo

427 2407 617 2472 venerabilis
631 2407 738 2488 imago
754 2406 889 2484 virtutis,
904 2405 981 2469 dum
996 2407 1065 2469 sine
1082 2404 1151 2470 fide,
1161 2414 1194 2470 et
1208 2405 1380 2469 dilectione

427 2509 608 2574 substantia
628 2507 755 2571 virtutis
778 2528 934 2572 essenon
958 2508 1068 2592 possit.
1119 2508 1167 2570 Et
1189 2507 1310 2571 utinam
1331 2507 1382 2570 in-

411 2604 414 2608 ⁵
427 2612 569 2676 veniatur
582 2609 616 2672 in
631 2608 736 2687 nobis,
750 2607 808 2692 qui
822 2609 874 2672 rel
889 2608 1012 2672 virtutis
1026 2609 1198 2692 imaginem
1213 2619 1329 2674 teneat.

567 2716 850 2781 Quisenimvirtutem
862 2715 1024 2786 amplectitur
1036 2717 1142 2789 ipsam?
1228 2709 1229 2713 ¹

429 2819 509 2892 Quis
530 2816 628 2880 etiam
650 2815 780 2876 umbras
800 2813 954 2877 virtutum
975 2811 1090 2892 induit,
1106 2813 1225 2896 quibus
1238 2811 1382 2877 videmus

427 2919 573 2982 floruisse
598 2915 744 2998 gentiles,
769 2915 847 2978 licet
873 2915 920 2978 eis
946 2918 1108 2980 subtracto
1135 2916 1276 2992 Christo,
1298 2937 1381 2980 verae

425 3017 634 3082 beatitudinis
648 3036 713 3078 non
728 3016 1000 3098 apprehenderint
1014 3017 1175 3082 fructum?
1199 3018 1280 3091 Quis
1294 3018 1379 3082 The·

426 3118 581 3182 mistoclis
609 3116 822 3196 diligentiam,
848 3119 1019 3182 Frontonis
1049 3120 1248 3201 gravitatem,
1278 3119 1380 3182 conti·

424 3219 567 3283 nentium
582 3216 733 3295 Socratis,
744 3218 883 3282 Fabricii
897 3218 1006 3299 fidem,
1017 3220 1237 3284 innocentiam
1253 3222 1381 3299 Numae,

426 3320 615 3407 pudicitiam
627 3319 801 3404 Scipionis,
813 3321 1090 3402 longanimitatem
1105 3322 1235 3404 Ulyxis,
1246 3321 1381 3384 Catonis

425 3425 626 3509 parcitatem,
648 3422 712 3485 Titi
736 3419 899 3506 pietatem,
915 3421 1077 3488 imitatur?
1115 3421 1196 3493 Quis
1217 3441 1283 3494 non
1306 3443 1380 3486 cum

425 3524 633 3588 admiratione
650 3521 838 3584 veneraturi

566 3627 687 3679 Probitas
699 3625 827 3694 siquidem
837 3624 969 3692 laudatur,
981 3629 1007 3677 et
1019 3624 1100 3696 alget.

425 3723 524 3786 Porro
534 3719 693 3804 praedicti,
708 3731 740 3783 et
754 3720 937 3784 consimiles
953 3721 1061 3803 magni
1076 3720 1207 3805 quidem
1222 3731 1255 3788 et
1268 3723 1378 3788 lauda-

346 3816 370 3841 *
425 3824 508 3888 biles
531 3822 598 3902 viri,
621 3820 715 3906 quasi
741 3820 890 3904 quaedam
913 3823 1094 3886 seculorum
1120 3843 1250 3888 suorum
1274 3823 1380 3888 sidera

425 3923 667 4009 splenduerunt,
696 3923 889 3987 illustrantes
924 3933 1069 4008 tempora
1098 3945 1166 4004 sua,
1193 3926 1380 4011 praeambuli

426 4035 658 4088 coaetaneorum
673 4044 802 4087 suorum
822 4025 856 4087 in
877 4024 912 4088 id
926 4024 1062 4108 justitie
1077 4034 1110 4088 et
1124 4025 1274 4104 veritatis,
1289 4025 1377 4110 quod

426 4125 636 4208 dispositione
653 4123 761 4188 divina
774 4124 924 4188 illuxerat
939 4126 996 4190 eis.
1041 4125 1097 4190 Sic
1115 4147 1243 4210 quoque
1256 4126 1292 4189 in
1307 4146 1379 4188 suc·

428 4226 627 4290 cessionibus
650 4227 763 4309 populi
787 4223 904 4305 fidelis,
923 4248 1087 4311 nunquam
1111 4227 1253 4291 humano
1273 4227 1382 4310 generi

429 4327 590 4392 adnectis
606 4326 845 4403 metenebrae,
860 4326 1077 4409 caecitatisque
1093 4327 1257 4392 molestias
1272 4326 1379 4410 depel-
