3425 5367
439 714 502 773 820
709 730 845 776 ruamus
861 731 1135 777 sanusaeruursrs
1259 719 1342 791 [mo.
1358 737 1387 779 v.

437 880 687 957 fidem,adversa
701 884 846 965 probatio
862 906 1063 969 nequaquam
1078 898 1253 950 evacuaret.
1289 890 1388 953 Unde

436 991 469 1045 et
480 983 521 1044 D.
531 982 690 1046 Adrianus
701 985 870 1067 rescripsit,
882 985 1061 1069 judicantis
1072 987 1207 1051 dilatans
1220 989 1252 1051 in
1264 992 1385 1053 exami-

435 1081 564 1144 natione
576 1082 702 1145 tcstium
717 1083 902 1147 facultatem
915 1108 923 1160 3
946 1086 978 1147 et'
988 1086 1084 1148 verba
1099 1088 1229 1169 quidem
1245 1090 1387 1172 epistolae

435 1193 509 1245 sunt
522 1184 613 1245 haec:
640 1183 692 1246 Tu
707 1184 810 1265 magis
820 1186 901 1247 scire
915 1195 1005 1269 potes
1016 1198 1133 1269 quanta
1144 1187 1225 1251 fides
1237 1189 1387 1253 habenda

435 1287 476 1349 sit
486 1287 631 1364 testibus,
643 1288 699 1370 qui
714 1286 807 1370 cujus
823 1287 1001 1368 dignitatis,
1011 1300 1043 1351 et
1058 1289 1152 1374 cujus
1167 1292 1385 1355 aestimationis

434 1389 508 1466 sint,
529 1401 561 1451 et
582 1389 637 1471 qui
657 1388 843 1471 simpliciter
863 1389 922 1452 visi
943 1390 1007 1453 sint
1026 1389 1141 1465 dicere,
1161 1402 1266 1454 utrum
1285 1412 1385 1455 unum

433 1489 634 1573 eundemque
651 1510 828 1552 sermonem
844 1488 1030 1553 meditatum
1046 1493 1218 1570 attulerint,
1233 1514 1273 1556 an
1289 1492 1331 1556 ad
1347 1515 1385 1557 ea

434 1614 506 1676 quae
520 1592 771 1673 interrogaveris,
792 1612 835 1653 ex
856 1602 998 1675 tempore
1022 1593 1232 1657 verisimiliter
1254 1614 1384 1677 respon·

433 1695 543 1759 derint
590 1694 671 1765 Quae
692 1704 887 1774 argumenta,
911 1704 943 1756 et
966 1694 1246 1775 quemadmodum,
1269 1696 1385 1779 cuique

431 1798 480 1860 rei
501 1794 676 1879 probandae
698 1794 869 1870 sufficiant,
891 1796 979 1857 nullo
1003 1808 1090 1859 certo
1110 1796 1206 1860 modo
1226 1797 1303 1860 satis
1324 1798 1382 1861 dis-

433 1897 517 1960 finiri
538 1904 653 1978 potest.
700 1895 787 1956 Alias
808 1915 960 1957 numerus
983 1895 1123 1973 tertium,
1143 1896 1221 1959 alias
1247 1896 1384 1979 dignitas

433 2006 466 2061 ct
480 1998 661 2072 auctoritas,
675 1995 754 2058 alias
774 1995 870 2057 veluti
886 1996 1091 2059 consantiens
1109 1996 1194 2059 fama
1216 1997 1386 2061 confirmat

431 2100 488 2176 rei,
510 2098 550 2162 de
573 2118 638 2179 qua
659 2097 811 2179 quaeritur
831 2095 938 2159 fidem.
984 2098 1060 2160 Hoc
1081 2097 1179 2178 igitur
1200 2099 1302 2159 solum
1326 2100 1383 2162 tibi

431 2198 623 2284 respondere
634 2198 754 2281 possim
766 2200 1030 2276 summatim,non
1038 2198 1149 2281 utique
1159 2194 1199 2260 ad
1206 2219 1383 2281 unamspe-

434 2304 529 2381 ciem,
542 2300 740 2385 probationis
756 2300 971 2381 cognitionem
988 2301 1093 2364 statim
1109 2300 1240 2381 allegari
1255 2299 1383 2379 debere,

432 2404 491 2469 sed
505 2424 548 2467 ex
563 2401 722 2465 sententia
736 2402 835 2464 animi
850 2402 906 2475 tui,
918 2412 950 2465 te
967 2402 1122 2464 aestimare
1136 2412 1293 2484 oportere,
1305 2403 1384 2487 quid

431 2516 486 2571 aut
508 2504 631 2582 credas,
653 2513 708 2565 aut
727 2523 839 2585 parum
860 2504 1030 2587 probatum
1049 2502 1112 2565 tibi
1134 2502 1281 2585 opineris.
1324 2506 1381 2569 Ju-

432 2607 500 2671 dici
525 2626 599 2668 vero
626 2604 794 2687 plurimum
821 2603 908 2680 licet,
935 2603 1012 2665 dum
1038 2604 1071 2665 in
1096 2603 1245 2685 omnibus
1270 2607 1384 2669 serviat

432 2707 566 2783 veritati,
580 2725 678 2789 quam
693 2702 720 2765 si
738 2704 787 2784 (ut
808 2704 900 2782 solet)
922 2702 1008 2786 apud
1027 2702 1191 2787 improbos
1211 2706 1384 2787 periclitari

433 2806 629 2888 cognoverit,
645 2803 687 2867 ad
701 2803 933 2886 professionem
956 2804 1026 2887 ejus
1049 2804 1105 2888 qui
1127 2806 1299 2870 necessarii
1316 2808 1385 2871 fue·

432 2909 505 2984 rint,
523 2903 680 2980 evocabit,
695 2913 726 2965 et
750 2903 791 2966 ad
812 2902 1028 2991 testimonium
1055 2904 1229 2986 compellet
1248 2906 1381 2971 invitos:

430 3007 482 3069 his
507 3017 611 3067 tamen
640 3004 797 3086 exceptiS,
820 3024 901 3086 quos
926 3004 1077 3067 adversus
1103 3016 1206 3067 certas
1232 3026 1384 3089 personas

432 3106 597 3170 testificari
607 3105 680 3185 jura
694 3125 760 3167 non
776 3116 906 3187 cogunt.

431 3294 513 3377 Cap.
528 3297 577 3355 15.
600 3292 683 3366 Quae
687 3292 933 3373 pcrtirrcentcol
938 3292 1126 3373 religionem
1138 3296 1383 3376 Procnes-cilum,

469 3396 661 3479 presidum,
681 3402 714 3457 et
735 3396 976 3457 ordinariorum
991 3394 1158 3477 judicum,
1172 3406 1205 3459 et
1224 3407 1384 3482 quatenoc

473 3498 573 3559 xenia
586 3494 742 3577 protendi
756 3496 878 3565 liccotr
902 3503 934 3557 et
949 3496 989 3557 de
1007 3497 1172 3575 Cicerone,
1194 3496 1382 3579 Bermardo,

474 3597 635 3667 Martiae,
654 3595 817 3676 Goosrido
834 3597 1035 3659 Cornotenci.

474 3730 652 3793 Pnnrmnr
667 3738 772 3789 autem
788 3728 830 3791 ad
843 3730 1030 3811 religionem
1045 3732 1201 3816 praesidis,
1216 3733 1383 3817 providere

431 3858 472 3900 ne
497 3831 692 3918 potentiores
716 3831 777 3893 viri
802 3833 928 3917 injuriis
954 3836 1096 3899 afficiant
1119 3836 1317 3915 humiliorem
1342 3858 1383 3900 na

432 3939 616 4003 defensores
635 3955 744 3997 eorum
764 3936 972 3999 calumniosis
987 3937 1172 3999 criminibus
1187 3939 1384 4000 insectentur

434 4039 634 4101 innocentes.
672 4032 923 4120 Prohibcbitque
937 4038 1043 4101 illatas
1058 4038 1252 4117 exactiones,
1269 4048 1303 4101 et
1316 4040 1383 4103 vio·

431 4136 547 4202 lentias
569 4137 681 4215 tactas,
701 4149 733 4201 et
755 4148 896 4202 extortas
917 4152 1003 4202 metu
1024 4136 1237 4214 venditioneS,
1253 4150 1286 4202 et
1306 4162 1381 4205 cau·

433 4241 548 4311 tiones,
571 4239 622 4300 vel
644 4240 713 4301 sine
736 4241 830 4321 pretii
852 4240 1081 4317 numeratione,
1103 4261 1145 4303 ne
1168 4250 1200 4303 et
1221 4241 1290 4324 ipse
1308 4263 1380 4325 pro-

433 4340 571 4403 vinciam
595 4338 629 4400 in
656 4339 837 4422 praebendis
861 4340 1009 4423 hospitiis
1034 4349 1156 4421 oneret,
1178 4339 1316 4426 denique
1341 4363 1383 4405 ne
