3425 5367
339 723 526 804 canant]
691 741 946 788 marculiscus
1233 731 1291 790 121

341 889 402 953 sibi
417 889 617 957 manifestata
635 915 703 958 esse
722 892 977 979 congratulatur,
990 915 1089 978 opera
1108 895 1179 981 ejus
1194 917 1294 982 supra

341 1013 466 1056 sensum
481 993 616 1060 bominis
631 995 833 1082 magnificata
850 997 975 1073 asserit,
989 1009 1023 1061 et
1037 997 1116 1086 dum
1131 1009 1296 1062 scrutatur

254 1175 258 1184 Ι
339 1093 456 1171 omnia,
482 1097 692 1182 cogitationes
722 1097 880 1163 Altissimi
907 1098 1003 1162 nimia
1030 1097 1209 1184 profundas
1236 1122 1295 1184 ag·

340 1195 450 1262 noscit.
495 1201 585 1263 Huic
602 1200 731 1264 veritati
751 1212 916 1278 consonat,
937 1200 1025 1286 quod
1044 1201 1078 1265 in
1102 1200 1295 1266 Ecclesiaste

340 1309 468 1362 sanctus
484 1297 631 1362 Salomon
646 1301 680 1363 in
696 1299 811 1364 auditu
826 1299 968 1363 fidelium
983 1300 1209 1364 concionatur:
1232 1301 1294 1365 Est

339 1397 436 1462 homo
454 1401 514 1486 qui
536 1398 653 1466 diebus
674 1413 706 1464 et
729 1399 879 1465 noctibus
900 1423 963 1464 non
985 1401 1071 1487 capit
1091 1401 1191 1466 oculis
1213 1424 1295 1466 som·

340 1517 430 1575 num,
446 1512 479 1562 et
493 1498 639 1566 intellexi
659 1500 749 1587 quod
769 1505 914 1564 omnium
934 1523 1066 1588 operum
1083 1502 1156 1577 Dei,
1170 1502 1294 1568 nullam

341 1599 483 1664 invenire
498 1601 598 1684 possit
618 1601 713 1666 homo
736 1602 891 1666 rationem
911 1624 1021 1665 eorum
1044 1623 1119 1690 quae
1139 1617 1214 1666 suot
1234 1605 1295 1667 sub

342 1698 418 1764 sole.
467 1703 514 1765 Et
538 1715 660 1786 quanto
689 1701 762 1788 plus
791 1701 984 1767 laboraverit
1006 1702 1048 1766 ad
1074 1701 1294 1788 quaerendum,

341 1814 433 1867 tauto
448 1801 552 1866 minus
566 1802 721 1879 inveniet3
742 1804 866 1870 etiamsi
877 1803 994 1868 dixerit
1008 1807 1134 1891 sapiens
1147 1827 1180 1868 se
1194 1826 1296 1882 nosse,

342 1921 407 1966 nou
432 1903 550 1988 poterit
576 1907 725 1990 reperire.
771 1905 804 1969 Si
831 1927 910 1991 ergo
937 1905 1072 1970 inveniri
1098 1927 1160 1969 noa
1189 1918 1296 1990 potest

339 2003 423 2069 ratio
437 2005 659 2082 subsolarium,
676 2007 749 2092 quis
763 2005 856 2092 plene
878 2007 1127 2094 suprasolarium
1147 2006 1295 2072 redditu-

339 2127 396 2172 rus
416 2119 463 2172 est
486 2106 665 2180 tationem?
704 2107 786 2182 Quis
807 2107 891 2172 enim
914 2108 1065 2194 cognovit
1079 2129 1206 2173 sensum
1228 2111 1296 2174 Do-

341 2206 430 2285 mini,
444 2221 503 2272 aut
517 2206 589 2294 quis
603 2207 802 2273 consiliarius
823 2209 894 2295 ejus
907 2209 995 2274 suit?
1034 2211 1171 2276 Constat
1184 2209 1295 2297 itaque

343 2310 386 2376 sic
400 2313 555 2377 rationem
570 2312 713 2376 omnium
729 2311 875 2382 veritatis
895 2311 1008 2376 ardore
1022 2315 1241 2398 quarendum,
1256 2328 1295 2380 ut

341 2412 396 2498 pia
409 2411 546 2476 intentio
565 2434 654 2476 suam
677 2411 893 2477 infirmitatem
915 2428 1076 2496 agnoscat,
1091 2427 1179 2480 etex
1193 2417 1294 2480 omni·

342 2515 405 2581 bus
431 2515 528 2578 rebus
553 2515 709 2600 proficiat,
735 2514 814 2578 dum
843 2514 904 2579 sibi
930 2517 1122 2600 persuaserit
1151 2517 1295 2581 divinam

341 2616 538 2702 majestatem
561 2614 699 2681 fideliter
720 2615 949 2694 honorandam,
962 2629 994 2680 et
1009 2617 1233 2682 misericordiae
1247 2619 1295 2682 in·

342 2716 517 2784 deficientis
531 2716 681 2802 abyssum
699 2717 823 2802 jugiter
836 2715 1099 2801 amplectendam.
1146 2719 1296 2805 Denique

341 2819 429 2906 apud
444 2817 651 2905 philosophos
661 2833 791 2882 cautum
807 2830 867 2894 est,
879 2816 956 2881 talia
970 2839 1098 2882 manere
1112 2819 1295 2904 praedicata,
1387 2818 1391 2823 ’

342 2919 452 3007 qualia
481 2918 625 3004 subjecta
661 2919 874 3004 permiserint,
903 2918 1112 3005 omniumque
1141 2921 1295 3007 proedica·

342 3019 529 3085 mentalium
554 3021 630 3096 vim,
655 3031 688 3083 et
711 3018 938 3105 proprietatem
962 3019 1156 3084 naturalium
1178 3021 1297 3088 finibus

342 3119 493 3186 limitari:
528 3119 737 3206 eandemque,
758 3142 859 3206 quum
889 3119 930 3184 ad
957 3119 1083 3187 culmen
1107 3123 1295 3209 Theologioe

343 3221 535 3304 ascenditur,
550 3225 643 3309 quasi
657 3222 767 3286 nativo
780 3221 887 3286 colore
907 3222 1106 3300 destitutam,
1122 3241 1155 3290 et
1169 3227 1295 3304 robore,

343 3323 478 3390 alterari.
524 3323 622 3388 Plane
648 3323 755 3388 deficit
777 3323 825 3388 vis
847 3324 1029 3403 verborum,
1053 3336 1086 3388 et
1115 3324 1296 3391 intellectus

342 3425 410 3512 ipse
424 3423 567 3490 mortalis
579 3426 770 3502 succumbit,
782 3425 839 3489 ubi
855 3424 974 3489 divinae
985 3425 1158 3490 discutitur
1166 3426 1297 3492 immen-

342 3531 419 3594 sitas
440 3528 626 3614 majestatis,
641 3540 674 3592 et
689 3527 722 3591 in
736 3526 937 3593 naturalibus
959 3527 1094 3607 obtinet,
1108 3528 1159 3593 bia
1176 3529 1296 3597 scilicet

343 3652 418 3717 quae
439 3650 546 3694 rerum
570 3649 737 3694 numerum
760 3642 881 3716 augent
896 3627 947 3692 vel
968 3632 1130 3710 minuunt,
1147 3643 1185 3696 ut
1208 3633 1296 3718 quod

343 3731 407 3797 suit
422 3753 485 3796 non
499 3731 598 3818 possit
614 3753 678 3796 non
692 3731 809 3806 fuisse3
833 3744 968 3796 autnon
990 3733 1193 3818 praeteriisse,
1208 3734 1296 3819 quod

342 3831 509 3920 praeteriit,
525 3832 603 3897 dum
626 3847 732 3898 tamen
755 3833 842 3920 quod
860 3855 968 3898 verum
991 3833 1066 3911 fuit,
1085 3856 1190 3898 secum
1213 3835 1297 3899 forte

343 3938 514 4010 lecturum,
529 3933 736 4000 nibilominus
750 3955 864 3998 verum
879 3955 944 3997 non
954 3932 1053 3997 inisse
1067 3933 1177 4019 possit.
1202 3935 1297 4012 Quod

344 4037 455 4122 itaque
468 4039 668 4122 praeteritum
691 4048 751 4111 est,
768 4035 909 4099 revocari
929 4057 991 4098 non
1012 4046 1118 4121 potest
1132 4057 1172 4098 ne
1185 4035 1296 4111 suerit,

344 4151 375 4204 et
391 4161 483 4226 aeque
498 4137 586 4226 quod
601 4160 642 4202 ex
657 4136 779 4202 insidiis
794 4135 933 4202 fortunae
952 4136 1082 4224 pendet,
1097 4135 1175 4200 dum
1193 4149 1296 4202 tamen

345 4261 386 4304 ex
399 4239 552 4304 facilitate
573 4251 698 4304 natura
721 4235 905 4302 utriuslibet
925 4236 1022 4301 sortis
1043 4250 1191 4322 expectat
1204 4257 1299 4300 even·

345 4349 426 4420 tum,
434 4338 522 4406 nulla
537 4337 700 4404 eveniendi
716 4338 775 4404 sibi
792 4341 961 4404 necessitas
972 4335 1108 4420 subjicit.
1147 4337 1200 4402 Sic
1215 4335 1298 4398 l'orte
