3425 5367
493 725 556 788 118
748 741 884 788 ruamus
898 739 1174 786 saansnnsunusrs
1306 721 1390 801 [nm.
1408 741 1445 786 u.

494 892 639 978 quamvis
654 915 715 956 non
731 891 949 978 praedestinati
965 913 1032 956 csse
1046 889 1180 976 possint,
1188 889 1309 975 poterit
1323 889 1446 976 aliquid

493 995 580 1080 quod
603 995 801 1080 praeteritum
823 993 876 1073 sit,
890 1016 931 1057 ne
951 992 1141 1078 praeterierit
1161 991 1314 1056 revocari.
1360 996 1448 1058 Nota

493 1095 647 1180 siquidem
663 1094 959 1181 praedestinationis,
973 1116 1166 1180 quocunque
1181 1093 1270 1158 verbi
1284 1116 1359 1158 casu
1375 1106 1447 1158 uta-

491 1196 544 1271 ris,
567 1210 722 1282 quantum
750 1197 782 1260 in
806 1220 844 1260 eo
868 1209 927 1272 est,
951 1197 1099 1260 futurum
1124 1218 1221 1281 quam
1246 1195 1445 1281 praeteritum

490 1297 598 1382 potius
621 1297 737 1383 signat,
752 1308 785 1361 et
808 1319 879 1362 eum
901 1297 942 1360 de
964 1319 1031 1381 quo
1052 1295 1180 1372 dicitur,
1203 1296 1265 1360 nisi
1282 1297 1350 1382 jam
1377 1296 1446 1360 fore

491 1398 637 1474 evaserit,
657 1397 776 1461 indicat
799 1419 867 1462 esse
890 1396 1088 1460 salvandum.
1126 1397 1187 1459 Est
1210 1396 1306 1471 enim,
1323 1408 1359 1460 ut
1381 1395 1444 1460 dici

492 1499 584 1576 solet,
596 1499 729 1564 verbum
741 1497 939 1575 faecundum,
949 1510 980 1561 et
992 1500 1026 1561 in
1039 1521 1071 1561 se
1083 1520 1206 1584 semper
1216 1497 1304 1562 verbi
1314 1497 1444 1563 alterius

490 1601 732 1685 intelligentiam
755 1600 885 1666 claudit.
931 1604 1004 1665 Non
1027 1601 1138 1686 itaque
1159 1612 1281 1664 motum
1304 1599 1442 1687 aliquem

490 1703 708 1788 praedestinati
721 1703 847 1788 ingerit,
859 1701 914 1766 sed
925 1701 953 1764 ei
965 1701 1022 1786 qui
1034 1700 1204 1764 salvandus
1215 1715 1274 1781 cst,
1282 1701 1445 1787 primitiva

490 1804 688 1890 disponentis
709 1805 770 1868 Dei
791 1803 905 1888 gratia,
921 1813 1030 1889 patere
1050 1802 1161 1866 asserit
1180 1803 1298 1866 ostium
1319 1803 1444 1876 salutis,

489 1918 520 1969 et
531 1907 663 1991 januam
677 1905 910 1983 misericordiae‚
920 1927 983 1990 qua
994 1903 1184 1990 procedente
1194 1916 1336 1988 tempore
1344 1895 1445 1988 possit

489 2004 614 2084 salvari,
640 2006 704 2069 imo
731 2006 919 2085 salvabitur,
945 2006 1018 2070 licet
1043 2004 1143 2091 possit
1172 2018 1204 2068 et
1231 2027 1293 2067 non
1318 2003 1442 2071 salvari.

488 2109 557 2170 Nec
583 2107 659 2170 rnibi
687 2107 767 2172 illud
795 2107 975 2172 Aristotelis
1002 2111 1051 2172 tui
1075 2108 1218 2192 objicias,
1245 2105 1321 2192 quia
1345 2106 1443 2172 fuisse

488 2206 577 2291 quod
597 2208 672 2286 fuit,
686 2221 718 2271 ct
739 2231 805 2271 esse
828 2207 913 2294 quod
928 2220 987 2283 est,
1003 2207 1154 2293 quoniam
1175 2223 1234 2284 est,
1250 2231 1374 2273 necesse
1393 2221 1441 2274 est

488 2323 525 2372 ut
555 2307 686 2394 colligas
718 2309 966 2389 enunciationes,
995 2331 1071 2395 quae
1101 2311 1256 2396 praeteriti
1290 2310 1443 2395 temporis

487 2407 607 2474 habent
622 2414 780 2496 copulam,
795 2433 885 2474 veras
900 2434 966 2474 csse
986 2410 1128 2496 praecise,
1144 2410 1192 2473 vel
1209 2412 1338 2495 praecise
1352 2422 1385 2474 et
1400 2433 1441 2474 ex

486 2514 671 2577 necessitate
700 2511 805 2576 falsas.
850 2512 985 2576 Minime
1011 2534 1150 2597 namque
1171 2512 1239 2575 bac
1263 2512 1441 2597 objectione

481 2613 658 2698 juvaberis,
676 2637 777 2701 quum
790 2614 904 2700 etipsa
919 2613 1097 2679 Aristotelis
1113 2613 1210 2678 verba
1220 2613 1339 2678 faciant
1354 2636 1442 2699 quoe-

486 2718 631 2793 stionem,
646 2729 678 2781 et
696 2715 828 2782 articulo
844 2715 1045 2780 discutiendo
1066 2715 1203 2792 nullum,
1224 2729 1281 2780 aut
1303 2737 1439 2800 parvum

485 2816 588 2883 lerant
618 2818 816 2904 suffragium.
872 2818 1008 2902 Regulae
1038 2817 1196 2903 siquidem
1226 2817 1440 2898 integritatem

487 2920 678 2985 subvertunt
700 2920 946 3000 enunciationes,
967 2944 1039 3005 quae
1061 2920 1234 3005 praeteritis
1254 2920 1318 2983 vim
1336 2918 1438 2984 futuri

486 3021 698 3102 contingentis
712 3021 913 3104 adjungunt;
940 3035 1020 3105 puta
1038 3044 1145 3083 verum
1162 3022 1226 3086 fuit
1242 3021 1310 3086 heri
1325 3033 1356 3086 te
1371 3043 1440 3086 cras

484 3141 551 3180 esse
572 3120 741 3196 lecturum,
756 3132 810 3184 aut
834 3133 866 3183 te
883 3120 972 3185 Plato
995 3121 1190 3204 quandoque
1213 3123 1305 3186 scivit
1321 3122 1437 3186 dormi-

486 3232 606 3285 turum.
651 3224 688 3284 In
716 3219 834 3304 quibus
856 3243 895 3283 ex
921 3221 1125 3306 adjunctione
1148 3221 1263 3299 futuri,
1284 3222 1440 3306 praeteriti

486 3323 638 3410 temporis
664 3321 788 3386 vacillat
816 3321 904 3387 fides.
950 3324 1038 3385 Dum
1065 3325 1147 3386 enim
1173 3334 1209 3384 tu
1233 3324 1353 3405 poteris
1375 3346 1438 3389 non

484 3425 633 3502 dormire,
656 3438 687 3490 et
713 3425 773 3489 hoc
798 3423 891 3488 Plato
912 3424 1030 3510 poterit
1055 3423 1232 3497 nescivisse,
1258 3445 1323 3486 non
1348 3426 1438 3511 quod

484 3540 600 3604 motus,
617 3529 674 3611 qui
696 3527 849 3590 inanima
871 3527 940 3609 ejus
959 3524 1034 3600 fuit,
1050 3547 1113 3587 nou
1135 3523 1233 3588 fuisse
1255 3526 1366 3610 possit,
1381 3527 1436 3591 sed

484 3627 572 3710 quod
595 3650 668 3712 quae
689 3626 752 3690 fuit
774 3627 914 3700 scientia,
935 3625 1148 3690 mutabilitate
1170 3648 1287 3706 rerum,
1302 3641 1334 3692 ct
1357 3641 1436 3692 tem·

482 3727 568 3814 poris
583 3728 706 3792 lubrico
720 3727 751 3790 in
764 3728 944 3812 opinionem
961 3727 1079 3811 poterit
1091 3727 1248 3793 devocari.
1280 3727 1313 3793 Si
1330 3741 1434 3792 tamen

481 3829 734 3914 contingentium
759 3828 944 3893 futurorum
974 3828 1041 3892 ulla
1068 3842 1173 3913 potest
1200 3853 1267 3894 esse
1297 3829 1436 3910 seientia,

483 3935 629 4015 quamvis
651 3930 690 3994 sit
706 3929 886 3994 indubitata
906 3929 1025 4015 opinio,
1040 3953 1115 4016 quae
1137 3931 1298 3996 scientiam
1321 3931 1435 4016 proba-

482 4031 589 4096 biliter
611 4032 771 4097 imitatur:
799 4032 875 4096 item
897 4031 985 4116 quod
1007 4032 1077 4095 heri
1101 4055 1213 4096 verum
1234 4033 1332 4096 fuisse
1353 4056 1436 4117 prae-

481 4133 632 4212 diximus,
643 4156 704 4196 non
720 4133 819 4198 fuisse
833 4133 952 4219 poterit
968 4156 1090 4211 verum,
1106 4156 1168 4196 non
1184 4133 1271 4218 quod
1288 4155 1336 4196 res
1351 4156 1433 4219 prae-

480 4235 574 4298 terita
589 4246 764 4309 revocetur,
780 4256 854 4319 quae
873 4233 905 4296 in
922 4256 959 4296 eo
981 4234 1069 4298 nulla
1083 4226 1249 4320 praeteriit,
1266 4233 1320 4297 sed
1343 4234 1431 4319 quod

479 4356 528 4398 res
538 4334 648 4400 lutura
657 4346 873 4419 exspectatur,
883 4356 958 4418 quae
967 4333 1008 4399 ab
1018 4333 1140 4399 insidiis
1151 4335 1289 4399 fortunae
1301 4335 1430 4420 pendet,
