3425 5367
297 706 367 757 can.
384 692 445 772 ιι]
643 706 899 753 marcuamcus.
1205 698 1245 757 sl

296 861 426 925 crimen.
472 861 542 925 Nec
569 860 677 945 aliqua
702 862 826 925 virtutis
849 861 1062 926 ostentatione
1090 863 1250 941 clarescit,

295 964 349 1028 cui
363 966 509 1047 voluptas
523 964 676 1045 originem
695 965 836 1046 praebet:
859 984 999 1027 noverca
1011 964 1171 1047 siquidem
1186 965 1249 1027 vir·

296 1066 372 1129 tutis
386 1075 444 1129 est
489 1066 566 1129 Non
581 1065 670 1129 illam
685 1065 759 1128 dico
774 1086 872 1149 quam
891 1067 975 1150 parit
987 1086 1067 1149 pax,
1080 1067 1248 1150 patientia,

297 1167 488 1249 benignitas,
502 1166 739 1248 longanimitas,
755 1166 907 1248 gaudium
926 1168 960 1231 iu
980 1167 1102 1252 Spiritu
1114 1176 1249 1243 saucto;

296 1266 353 1331 sed
368 1290 441 1351 qum
457 1269 560 1333 amica
574 1268 691 1351 epulis,
704 1269 937 1352 potationibus,
951 1269 1118 1345 conririis,
1133 1268 1249 1333 modu·

295 1370 481 1447 lationibus,
509 1380 542 1433 et
569 1369 665 1449 ludis,
695 1370 836 1433 cultibus
872 1371 1040 1454 operosius
1067 1371 1249 1454 exquisitis,

295 1472 415 1553 stupris
430 1483 463 1534 et
478 1472 573 1533 variis
591 1471 816 1547 immunditiis,
832 1473 958 1534 animos
971 1474 1069 1536 ctiam
1089 1472 1250 1551 graviores

296 1572 480 1645 effeminat,
504 1582 536 1633 et
561 1572 701 1655 quodam
724 1583 846 1634 naturae
869 1572 1010 1635 ludibrio
1035 1573 1196 1635 molliores
1218 1582 1252 1635 et

297 1673 516 1755 corruptiores
529 1672 608 1736 lacit
622 1694 693 1737 esse
707 1672 792 1735 virus
806 1692 903 1755 quam
916 1672 1071 1736 faeminas.
1107 1674 1252 1756 Tempus

297 1795 429 1858 quoque
445 1774 583 1837 venandi
599 1776 730 1858 culpam
750 1783 914 1851 extenuat,
928 1784 1077 1837 actumve
1091 1793 1252 1837 commen-

297 1873 364 1938 dat.
409 1874 459 1939 sit
473 1884 579 1938 autem
591 1875 645 1938 hic
661 1886 788 1957 tempus
801 1882 838 1936 ut
852 1874 887 1937 in
902 1875 984 1937 locis
999 1874 1253 1958 quampluribus

297 1976 468 2055 invenitur,
482 1998 525 2039 ex
540 1997 580 2039 eo
595 1975 820 2060 opportunitas
840 1976 1064 2057 gerendomm.
1107 1977 1162 2039 Fit
1175 1997 1251 2057 ergo

298 2079 521 2162 intempestiva
537 2078 675 2157 venatio,
689 2080 739 2141 rel
761 2098 806 2141 ex
826 2078 989 2160 religionis
1010 2081 1112 2156 cultu,
1134 2081 1186 2143 rel
1207 2100 1251 2143 ex

299 2190 413 2244 natura
428 2202 542 2255 rerum,
559 2182 609 2244 rel
630 2201 673 2244 ex
696 2179 808 2245 debito
822 2181 932 2259 officii,
950 2181 1040 2265 quod
1052 2182 1104 2245 rel
1122 2192 1251 2264 praeter·

299 2282 393 2360 mitti,
418 2283 469 2345 vel
493 2283 564 2346 aliis
587 2281 857 2366 occupationibus
877 2282 1033 2365 postponi
1052 2302 1120 2345 non
1141 2282 1249 2346 debet.

300 2382 364 2447 Sed
379 2383 420 2447 de
435 2384 487 2447 his
500 2385 658 2449 hactenus
673 2383 750 2467 quia
768 2402 835 2445 non
850 2384 1030 2447 venaticam
1044 2382 1179 2462 tradere,
1192 2383 1251 2447 sed

299 2484 339 2547 de
369 2485 537 2549 curialium
566 2486 661 2567 nugis
689 2484 802 2566 nugari
830 2484 1033 2567 propositum
1060 2496 1122 2549 est.
1167 2486 1250 2548 Loci

299 2606 427 2671 quoque
441 2587 522 2649 ratio
536 2586 687 2650 habenda
701 2596 761 2664 est,
776 2586 902 2649 scilicet
914 2587 999 2649 utin
1013 2607 1085 2661 suo,
1099 2588 1152 2650 vel
1165 2608 1251 2650 com·

298 2689 398 2765 muni,
425 2690 477 2750 vel
506 2689 649 2770 publico,
677 2688 768 2749 licita
796 2697 984 2748 exerceatur
1010 2689 1147 2763 venatio,
1174 2686 1252 2749 dum

299 2800 408 2852 tamen
439 2790 642 2851 consortibus
670 2810 737 2850 non
765 2788 922 2867 irrogetur
948 2786 1073 2869 injuria,
1100 2798 1136 2850 et
1161 2788 1254 2849 locus

301 2889 490 2953 celebritate
511 2889 560 2951 sui
582 2901 637 2951 aut
656 2887 832 2951 reverentia
846 2887 889 2949 ab
904 2887 955 2949 his
969 2886 1254 2970 inquietationibus

299 3012 366 3053 non
390 2990 555 3052 eximatur.
602 2990 666 3063 Qui
688 2988 773 3052 enim
796 2988 831 3050 in
853 2989 959 3051 aliena
980 2991 1148 3054 temeraria
1162 3011 1253 3053 usur·

299 3090 431 3172 palione
455 3089 556 3164 irruit,
574 3090 701 3174 laqueis
720 3088 803 3172 juris
825 3099 952 3152 tenetur
973 3090 1015 3153 ad
1037 3112 1176 3173 prauam.
1220 3093 1255 3155 Ia

303 3210 377 3254 vero
391 3189 507 3253 modus
518 3188 688 3254 laudabilis
699 3200 759 3268 est,
771 3211 870 3273 quum
880 3189 1100 3255 moderatione
1108 3192 1254 3256 adhibita

299 3290 485 3371 prudenter,
511 3301 543 3354 et
572 3292 598 3354 si
627 3291 697 3353 fieri
722 3300 840 3373 potest,
866 3292 987 3354 utiliter
1015 3305 1194 3370 exercetur,
1217 3305 1253 3356 ut

300 3392 449 3456 mandato
465 3391 589 3456 Comici
605 3391 805 3475 acquiescas,
820 3392 874 3454 Ne
889 3391 968 3474 quid
982 3392 1089 3455 nimia
1122 3395 1206 3456 Nam
1222 3403 1255 3455 et

437 3506 528 3559 lusani
540 3508 645 3578 rapiens
656 3522 750 3559 nomen
758 3505 833 3571 feret,
845 3520 936 3575 aquus
947 3507 1039 3576 iniqui,

439 3589 518 3643 Ultra
529 3608 606 3659 quam
618 3591 683 3644 satis
694 3596 736 3644 est
747 3592 871 3651 virtutem
881 3592 906 3643 si
916 3597 990 3663 petet
1000 3593 1095 3664 ipsam.

301 3703 391 3767 Nihil
407 3712 512 3767 autem
534 3705 655 3787 turpius
674 3718 733 3781 est,
750 3728 845 3791 quam
862 3708 895 3769 in
910 3707 1008 3769 risum
1031 3707 1252 3771 contuentium

300 3826 355 3868 ora
369 3807 488 3882 laxare,
504 3804 581 3867 dum
595 3827 661 3868 non
678 3806 826 3870 discendi
842 3808 1017 3891 proposito,
1033 3808 1252 3871 vehementius

300 3905 419 3969 insistis
441 3905 512 3983 arti,
527 3927 625 3989 quam
647 3908 784 3983 nescias,
800 3920 837 3971 ut
859 3908 887 3970 si
908 3908 1051 3988 linguam
1073 3927 1169 3989 quem
1188 3927 1255 3969 non

299 4007 435 4084 noveris,
458 4004 581 4071 facetus
603 4016 752 4072 attentes.
797 4008 882 4072 Sunt
901 4028 976 4072 vero
998 4027 1158 4091 ρεηοιιω,
1180 4028 1254 4091 quoe

300 4126 364 4169 nou
391 4106 487 4171 modo
514 4106 652 4186 abhoc,
674 4108 731 4173 sed
757 4109 798 4173 ab
820 4109 892 4173 aliis
916 4108 1120 4193 quibusdam,
1141 4120 1253 4192 utpote

302 4208 474 4272 levioribus
494 4220 528 4273 et
543 4211 741 4294 voluptuosis
761 4210 887 4283 studiis.
907 4211 940 4275 iu
962 4219 1152 4295 perpetuum
1170 4232 1255 4275 sum·

304 4320 484 4389 morentur,
494 4322 529 4374 ut
544 4312 599 4397 qui
614 4313 648 4377 in
665 4314 764 4377 sacris
781 4312 947 4377 ordinibus
962 4309 1139 4389 constituti,
1152 4320 1184 4372 et
1199 4308 1254 4391 qui
