3425 5367
407 707 467 768 lta
660 718 798 764 Jonunrs
813 717 1093 763 snsnsnnrunums
1204 699 1284 778 [nra.
1300 717 1354 764 nr.

407 893 508 957 quum
524 891 620 956 agaso
639 892 702 934 non
722 871 840 947 tressis,
858 869 1024 935 titulorum
1040 867 1179 933 fascibus
1198 891 1357 955 purpura-

407 987 472 1051 tur,
488 985 519 1036 et
534 993 598 1036 non
614 971 680 1036 sine
695 993 792 1036 sanna
807 983 838 1036 et
853 971 1007 1036 cachinno
1020 971 1234 1048 audientium,
1251 974 1357 1035 Dama

407 1074 520 1140 transit
534 1075 567 1138 in
583 1078 742 1140 Marcum.
784 1075 925 1139 Marcus
938 1077 1047 1138 dimi:

738 1198 832 1270 Papae!
851 1197 942 1250 Marco
954 1198 1096 1269 spondente
1107 1215 1211 1251 recusas

513 1285 627 1338 Credere
639 1289 668 1338 tu
678 1285 818 1338 nummos?
849 1284 941 1337 Marco
952 1285 1096 1356 subjudice
1106 1284 1208 1356 palles?

514 1373 557 1426 lta
570 1377 618 1438 est,
631 1371 742 1439 adsigna
754 1370 845 1422 Marce
856 1370 977 1422 tabellas.

408 1489 469 1552 Est
485 1487 614 1574 quidem
629 1483 771 1550 omnium
786 1483 944 1570 captanda
957 1483 1181 1561 benivolentia,
1197 1506 1272 1570 quae
1285 1483 1357 1547 fons

299 1613 301 1624 ·
409 1605 456 1655 est
471 1589 629 1666 amicitiae,
645 1601 677 1652 et
699 1587 822 1674 primus
842 1585 983 1650 caritatis
1001 1608 1189 1672 progressus
1208 1597 1275 1659 est;
1300 1586 1355 1649 sed

408 1692 574 1756 honestate
598 1689 760 1766 incolumi,
786 1687 959 1752 officiorum
986 1687 1112 1767 studiis,
1137 1686 1268 1751 virtutis
1294 1687 1356 1762 via,

409 1793 633 1880 obsequiorum
654 1793 774 1868 fructu,
798 1791 984 1877 integritate
1005 1791 1166 1854 sermonis.
1210 1788 1305 1854 Adsit
1326 1801 1359 1853 et

410 1897 500 1973 fides,
526 1895 686 1960 dictorum
715 1894 832 1959 scilicet
857 1894 1081 1980 factorumque
1109 1893 1296 1969 constantia,
1325 1905 1358 1956 et

410 1997 535 2072 veritas,
552 2020 626 2082 quae
645 1995 820 2060 officiorum
840 2009 873 2060 et
891 1996 1046 2059 bonorum
1067 1995 1209 2060 omnium
1224 2007 1273 2060 est
1288 1995 1359 2060 fun-

407 2100 604 2164 damentum.
650 2098 794 2163 Gratiam
817 2099 986 2183 bonorum,
1013 2098 1067 2162 sed
1093 2111 1126 2162 et
1155 2097 1308 2177 omnium,
1335 2095 1360 2160 si

411 2202 478 2266 fieri
494 2214 611 2288 posset,
624 2201 726 2266 virtus
741 2203 874 2288 appetit,
886 2200 941 2264 sed
955 2201 997 2265 ad
1012 2225 1079 2266 eam
1096 2200 1288 2288 dedignatur
1302 2221 1360 2285 per

411 2305 521 2370 sordes
533 2304 691 2371 accedere.
737 2303 863 2368 Nobilis
881 2303 994 2390 utique
1016 2327 1066 2368 res
1086 2316 1146 2382 est,
1162 2316 1193 2368 et
1211 2302 1359 2379 delicata,

411 2420 443 2473 et
472 2431 546 2494 quae
575 2430 679 2486 omne,
711 2406 797 2494 quod
827 2406 972 2482 dedecet,
1003 2419 1201 2493 aspernatur.
1246 2405 1358 2470 Omnis

412 2510 506 2576 etiam
530 2509 658 2595 species,
681 2533 755 2596 quae
776 2533 815 2574 ex
838 2510 941 2596 seipsa
962 2532 1024 2573 nou
1047 2509 1141 2590 lucct,
1162 2509 1190 2574 ei
1214 2519 1360 2594 suspecta

411 2623 469 2678 est.
515 2610 684 2698 Numquid
706 2610 807 2694 igitur
829 2610 992 2688 mentitur,
1014 2624 1051 2676 ut
1073 2609 1219 2697 placeat?
1258 2613 1361 2674 Num-

413 2712 490 2800 quid
506 2713 625 2777 bonum
647 2711 724 2778 dicit
746 2713 876 2790 malum,
892 2725 924 2778 et
939 2711 1056 2776 malum
1077 2713 1221 2776 bonum?
1258 2714 1361 2776 Num·

411 2815 490 2901 quid
501 2815 649 2893 amicum,
659 2815 714 2902 qui
726 2839 838 2902 parum
852 2839 948 2880 sanus
958 2827 1017 2893 est,
1026 2815 1169 2900 instigat,
1179 2826 1214 2879 ut
1223 2812 1361 2900 amplius

411 2918 508 2982 faciat
516 2919 672 2983 insanire?
686 2920 786 2983 Porro
795 2942 896 3004 quum
906 2919 1007 2983 omnis
1016 2919 1186 2982 assentatio
1196 2917 1300 3002 turpis
1309 2915 1360 2994 sit,

412 3019 672 3104 perniciosiorest
682 3041 782 3102 quum
793 3019 832 3082 ad
843 3019 1361 3104 subornandumvitiumpersonae,

411 3119 463 3183 uel
480 3131 612 3199 uaturae‚
627 3119 678 3182 vel
692 3119 859 3205 diguitatis
872 3119 993 3185 accedit
1007 3120 1192 3185 auctoritas.
1237 3121 1361 3206 Nempe

413 3219 594 3309 philosophi
609 3219 773 3306 probabile
788 3220 911 3299 dicunt,
926 3221 1014 3307 quod
1031 3220 1177 3284 videatur
1191 3219 1241 3282 vel
1261 3220 1363 3283 omni-

414 3325 486 3402 bus,
512 3327 563 3388 vel
588 3323 747 3410 pluribus,
771 3336 825 3388 aut
851 3323 1107 3409 sapientioribus,
1133 3333 1190 3383 aut
1214 3319 1303 3404 quod
1330 3323 1363 3384 in

413 3421 542 3507 propria
556 3419 708 3484 facultate
719 3420 843 3484 artifici.
876 3420 908 3482 si
920 3442 996 3504 ergo
1007 3416 1193 3502 sapientiam
1205 3417 1362 3503 cujusque

414 3524 510 3585 Plato
530 3521 739 3597 commendet,
759 3537 816 3585 aut
840 3522 993 3594 Socrates,
1014 3517 1207 3581 Aristoteles
1228 3540 1362 3582 acumen

412 3621 542 3706 ingenii,
554 3621 665 3683 Cicero
680 3621 804 3684 dicendi
819 3621 955 3706 copiam,
965 3619 1204 3684 Mathematicae
1219 3620 1363 3686 studium

415 3719 627 3806 Pythagoras,
641 3731 814 3783 metrorum
830 3719 997 3787 varietates
1017 3720 1163 3802 Flaccus,
1179 3723 1265 3786 Naso
1285 3721 1361 3784 levi-

414 3835 512 3886 tatem
539 3821 758 3897 versilicandi3
790 3822 904 3910 quidni
933 3823 1065 3889 credat?
1103 3825 1251 3890 Subeunt
1278 3823 1360 3886 enim

413 3923 508 3989 citius
522 3939 553 3989 et
569 3924 684 3990 lortius
699 3924 841 4010 singulos
856 3927 997 3992 fomenta
1011 3927 1175 4004 vitiorum,

905 4047 1007 4114 magnis

590 4127 678 4190 Quum
691 4129 802 4182 subeunt
812 4132 913 4184 ammos
925 4133 1079 4185 auctoribus.

417 4233 479 4296 His
502 4243 606 4296 tamen
630 4231 678 4296 sui
701 4255 829 4318 compos
854 4234 978 4300 animus
1000 4259 1061 4298 non
1085 4235 1257 4311 seducitur,
1280 4246 1364 4298 certe

413 4333 491 4421 quia
505 4356 597 4398 nemo
612 4335 712 4414 novit,
728 4335 806 4421 quid
825 4337 866 4402 sit
882 4339 913 4402 in
931 4338 1067 4415 bomine,
1083 4350 1199 4423 praeter
1215 4336 1363 4422 spiritum
