3425 5367
439 740 486 805 24'
702 760 838 805 rorarus
853 756 1130 803 sanmaaarsasrs
1268 738 1352 818 [ma.
1367 758 1391 801 1.

441 930 552 975 mensa
565 911 680 990 aliena,
695 909 928 974 multitudinem
943 911 1056 988 vitant,
1070 909 1146 973 dum
1162 910 1271 989 silvas,
1282 912 1393 986 saltus,

441 1014 595 1096 lacusque
617 1012 825 1089 circumeunt,
839 1012 956 1095 pannis
977 1010 1082 1074 induti
1099 1011 1275 1088 vilioribus,
1289 1011 1394 1092 fruga-

442 1114 577 1177 lioribus
589 1114 732 1177 contenti
743 1113 836 1190 cibis,
848 1112 925 1175 dum
937 1123 1100 1176 consortes
1112 1120 1144 1175 et
1154 1112 1298 1183 famulos,
1311 1130 1395 1194 quos

443 1226 582 1281 macerat
612 1215 808 1301 jejuniorum
839 1214 958 1289 inedia,
986 1226 1019 1278 et
1051 1222 1208 1277 tormenta
1238 1212 1395 1277 nuditatis

443 1317 599 1399 affligunt,
609 1337 754 1400 quosque
769 1313 861 1379 labor
874 1314 1103 1378 immoderatus
1114 1314 1269 1393 exhaurit,
1282 1315 1394 1399 volup·

442 1418 516 1481 tatis
541 1426 597 1480 aut
621 1417 729 1499 potius
752 1415 901 1479 vanitatis
922 1415 1062 1498 imagine
1085 1417 1298 1479 consolentur.
1343 1415 1395 1477 Eo

443 1519 581 1603 denique
606 1529 751 1601 tempore
776 1518 915 1601 primum
940 1519 1140 1600 captivantur
1161 1517 1306 1590 Athenas,
1329 1538 1395 1600 quo

441 1619 620 1684 interdictae
631 1618 812 1682 venationis
826 1617 968 1683 edictum
979 1627 1173 1682 censuerunt
1183 1639 1253 1681 esse
1268 1618 1393 1681 solven-

445 1720 534 1797 dum,
558 1731 591 1783 et
615 1729 713 1783 artem
743 1717 910 1800 utriusque
936 1717 1113 1779 venationis
1138 1736 1212 1780 cum
1241 1717 1394 1780 exercitio

445 1822 575 1905 publice
592 1818 833 1883 admittendam.
861 1816 977 1880 Fertur
991 1827 1080 1879 rates
1091 1818 1291 1880 Mantuanus
1300 1819 1397 1881 inter·

443 1944 573 2003 rogasse
590 1921 793 1996 Marcellum,
808 1938 907 2001 quum
922 1918 1166 1999 depopulationi
1181 1918 1285 1981 arium
1301 1921 1396 1983 vehe-

445 2023 583 2085 mentius
598 2040 727 2102 operam
742 2018 841 2096 daret,
857 2039 898 2082 au
913 2038 1001 2081 avem
1018 2018 1128 2080 mallet
1140 2019 1255 2082 instrui
1268 2019 1303 2081 in
1319 2040 1396 2103 cap·

444 2134 546 2187 turam
573 2121 689 2193 avium,
713 2140 755 2182 an
781 2140 924 2183 muscam
953 2118 1118 2183 informari
1142 2119 1176 2182 in
1202 2121 1396 2185 extermina·

443 2224 564 2286 tionem
579 2240 769 2284 muscarum.
804 2220 910 2291 Quum
925 2240 999 2283 vero
1019 2220 1228 2303 questionem
1243 2220 1284 2284 ad
1298 2242 1397 2285 arun·

444 2327 551 2389 culum
566 2322 727 2386 retulisset
742 2322 933 2402 Augustum,
950 2320 1086 2383 consilio
1100 2320 1170 2405 ejus
1184 2323 1347 2404 praeelegit
1361 2333 1398 2387 ut

444 2428 534 2492 fieret
558 2445 679 2501 musca,
703 2444 775 2506 quse
799 2424 839 2485 ab
868 2423 1008 2505 Neapoli
1033 2443 1161 2487 muscas
1186 2423 1341 2505 abigeret,
1363 2434 1397 2489 et

445 2529 605 2591 civitatem
621 2546 640 2587 a
660 2535 751 2608 peste
765 2524 936 2587 insanabili
950 2524 1108 2587 liberaret.
1155 2522 1253 2607 Optio
1268 2524 1395 2607 quidem

444 2629 576 2715 impleta
597 2634 664 2701 est;
694 2622 779 2687 unde
802 2626 905 2707 liquet
926 2623 1058 2705 privatae
1079 2620 1236 2707 voluptati
1257 2621 1397 2706 cujusvis
1432 2652 1437 2659 ·

446 2727 676 2814 praefereudam
691 2746 761 2790 esse
782 2728 953 2790 multorum
974 2726 1154 2790 utilitatem.
1199 2726 1239 2787 In
1261 2718 1402 2788 semiviri

446 2833 596 2897 Chironis
620 2819 723 2894 antio'
737 2828 779 2911 (si
803 2827 928 2901 Graecis
952 2849 1009 2910 per
1033 2828 1141 2892 omnia
1165 2824 1317 2907 creditur)
1348 2833 1399 2889 est

445 2935 609 2997 institutus
634 2932 777 2993 Achilles
801 2931 879 3010 lyrae
908 2927 1012 2991 modis
1037 2939 1070 2991 et
1099 2929 1239 3006 citharae,
1263 2939 1296 2991 et
1322 2925 1397 2989 inde

361 3022 365 3029 ’
445 3034 611 3096 traductus
636 3031 677 3092 ad
706 3032 802 3091 silvas
827 3029 862 3089 in
888 3038 995 3107 strage
1020 3031 1168 3105 ferarum,
1193 3030 1337 3093 caedibus
1365 3039 1399 3092 et

446 3134 528 3196 laedo
542 3131 641 3193 victui
657 3147 859 3203 assuescens,
874 3128 1086 3188 reverentiam
1100 3136 1221 3189 naturae
1236 3131 1396 3193 timorem·

446 3256 509 3321 que
534 3230 645 3294 mortis
671 3226 801 3311 abjecit.
854 3225 942 3299 Quid
972 3225 1059 3309 quod
1084 3227 1236 3289 Bacchus
1260 3228 1398 3290 eundem

444 3334 558 3399 babuit
571 3326 775 3395 nutritorem?
800 3323 928 3410 Nempe
944 3327 999 3410 qui
1010 3327 1061 3389 bis
1072 3322 1186 3389 studiis
1197 3334 1252 3387 aut
1263 3324 1397 3389 desidiis

445 3437 606 3512 insistunt,
621 3432 758 3497 semiferi
773 3441 855 3502 suut,
869 3439 903 3491 et
916 3426 1043 3508 abjecta
1057 3423 1180 3507 potiore
1191 3425 1397 3490 humanitatis

446 3550 547 3621 parte,
575 3535 698 3596 ratione
727 3550 850 3592 morum
879 3526 1036 3609 prodigiis
1065 3524 1311 3591 conformantur.
1368 3530 1397 3590 Α

446 3640 574 3701 levitate
590 3631 749 3715 siquidem
764 3629 806 3692 ad
820 3627 996 3699 lasciviam,
1015 3628 1179 3693 alasciria
1196 3628 1238 3692 ad
1253 3631 1397 3714 volupta-

447 3750 522 3814 tem,
537 3745 569 3798 et
584 3754 682 3815 quum
696 3730 906 3802 induruerint,
919 3728 960 3792 ad
975 3730 1097 3811 flagitia
1111 3740 1144 3793 et
1155 3731 1275 3814 quoevis
1286 3731 1399 3795 illicita

446 3838 681 3923 pertrabuntur.
726 3832 919 3907 Quaeruntur
943 3831 1015 3894 ocia
1039 3842 1114 3913 post
1139 3833 1275 3909 labores,
1299 3833 1399 3896 fomes

394 3937 396 3943 ’
445 3938 612 4002 hilaritatis
626 3934 744 4016 gratior
758 3942 817 4009 est,
828 3932 856 3993 si
871 3932 952 3995 dura
966 3933 1199 4014 precesserint,
1212 3931 1400 3995 reficiuntur

446 4040 570 4103 avidius
592 4057 666 4119 quas
681 4028 846 4096 exinanita
860 4033 977 4096 fuerint
995 4033 1176 4115 plurimum.
1221 4032 1398 4093 Venatores

447 4161 558 4205 omues
584 4137 689 4200 adhuc
719 4134 951 4197 institutionem
981 4132 1127 4196 redolent
1157 4132 1397 4194 Centaurorum.

445 4245 531 4307 Raro
545 4237 705 4301 invenitur
727 4236 895 4319 quisquam
911 4255 1021 4297 eorum
1037 4231 1200 4294 modestus
1214 4241 1268 4295 aut
1283 4214 1397 4310 gravis,

446 4366 515 4411 raro
531 4339 709 4415 continens,
722 4349 763 4417 et,
778 4345 813 4401 ut
828 4335 937 4413 credo,
949 4333 1074 4397 sobrius
1085 4352 1257 4413 nunquam.
1298 4332 1397 4395 Domi
