3425 5367
418 691 481 750 170
671 703 808 749 retusis
823 701 1103 750 sanssuurunusrs
1227 681 1308 761 [urs.
1326 702 1379 756 111.

418 851 575 930 suadebit,
590 861 628 918 ut
647 853 736 940 quod
758 851 893 940 appetit,
908 851 1016 929 facist,
1033 858 1056 889 “
1072 850 1098 916 si
1116 850 1224 936 possit,
1240 861 1338 928 recte,
1353 851 1381 916 si

417 977 492 1038 non,
505 977 699 1042 quocunque
714 955 811 1020 modo
825 958 925 1022 rem.''
957 953 1080 1028 Verum
1095 953 1152 1041 qui
1166 975 1224 1020 suo
1238 953 1382 1036 nomine,

417 1067 454 1124 ot
468 1057 594 1142 proprie
610 1056 812 1145 eloquamur,
828 1056 948 1122 dicitur
962 1055 1121 1137 adulator,
1133 1054 1211 1120 vitia
1225 1056 1381 1143 cujusque

415 1159 555 1238 dealbat,
579 1171 613 1225 et
635 1157 678 1226 ne
701 1161 863 1247 seipsum
891 1161 1009 1238 videat,
1032 1159 1143 1226 oculos
1168 1158 1382 1247 colloquentis

415 1261 553 1348 quadarn
569 1263 656 1328 nube
671 1262 821 1328 vanitatis
835 1262 961 1349 implet,
972 1273 1008 1328 et
1021 1284 1115 1327 aures
1125 1260 1213 1327 falsis
1223 1262 1379 1349 praeconi-

416 1385 508 1430 orum
523 1364 625 1430 titulis
640 1365 755 1432 reficit.
802 1365 862 1432 Ait
877 1365 1025 1448 Etbicus‚

487 1476 559 1538 Quid
571 1476 639 1545 quod
649 1477 774 1530 adulandi
786 1495 852 1546 gens
864 1478 1066 1550 prudentissima
1076 1477 1168 1530 laudat

439 1579 441 1590 ¹
487 1561 638 1613 Sermonem
649 1561 756 1627 indocti,
767 1560 863 1616 facicm
874 1562 996 1616 deformis
1008 1564 1094 1629 amici,

487 1645 524 1698 Et
534 1645 641 1713 longum
652 1645 760 1699 invalidi
771 1647 866 1700 collum
876 1650 1018 1702 cervicibus
1028 1654 1115 1718 aequet
1147 1713 1151 1719 ἡ

488 1730 621 1795 Herculis,
632 1731 757 1786 Antaeum
768 1732 856 1803 procul
868 1751 885 1787 a
897 1733 990 1788 tellure
1001 1735 1130 1787 tenentis:

487 1814 601 1868 Miratur
612 1833 701 1868 vocem
712 1822 860 1884 angustam,
872 1835 924 1886 qus
935 1818 1049 1870 deterius
1059 1835 1110 1870 nec

487 1901 537 1954 llle
549 1906 632 1968 sonat,
644 1918 695 1969 quo
707 1903 838 1955 mordetur
849 1902 949 1971 gallina
959 1905 1064 1958 marito.

419 1997 492 2062 Hoc
518 2008 627 2062 autam
653 1995 787 2061 minime
813 1997 941 2064 videtur
964 1997 1095 2076 mirum,
1119 1997 1146 2062 si
1173 1998 1378 2086 perditissimi

417 2099 574 2181 homines,
589 2111 623 2164 et
644 2099 761 2186 quibus
775 2099 828 2164 hic
849 2100 955 2185 gravis
974 2101 1117 2184 morbus,
1131 2113 1165 2167 ct
1186 2102 1379 2168 loeculentus

417 2203 559 2270 mundus
579 2201 769 2280 sordidatur,
785 2203 827 2268 ad
846 2215 970 2268 tantam
992 2205 1227 2292 turpitudinem
1247 2216 1380 2291 possunt

416 2305 550 2393 impelli.
590 2306 655 2371 Sed
670 2305 731 2371 hoc
743 2307 847 2394 potius
859 2307 943 2373 duco
953 2307 1111 2387 mirabile,
1123 2310 1209 2396 quod
1221 2308 1379 2396 populum

416 2407 472 2494 qui
488 2408 549 2474 sibi
560 2409 669 2474 credat
679 2409 830 2488 habeant,
841 2411 897 2498 qui
908 2410 949 2475 de
964 2432 998 2476 se
1013 2410 1116 2498 magis
1129 2411 1244 2476 alienae
1255 2411 1377 2495 linguae

416 2509 609 2598 acquiescet,
632 2532 729 2598 quam
752 2512 890 2599 propriae
911 2512 1035 2600 judicio
1057 2513 1273 2594 conscientiae,
1295 2513 1375 2578 dum

416 2613 555 2701 seipsum
571 2613 708 2702 quilibet
722 2626 812 2680 extra
827 2638 861 2680 sc
876 2616 1002 2704 quaerit,
1014 2627 1048 2680 et
1064 2639 1154 2682 nosse
1170 2615 1376 2702 dedignatur,

418 2739 516 2804 quam
541 2718 581 2784 sit
604 2717 664 2783 sibi
685 2730 776 2784 curta
799 2719 952 2806 supellex.
997 2719 1087 2784 Nihil
1110 2732 1159 2784 est
1179 2718 1267 2785 enim
1289 2718 1377 2805 quod

419 2820 551 2886 credere
562 2822 603 2886 de
619 2844 652 2887 se
668 2844 732 2888 non
744 2823 841 2909 possit
852 2846 954 2911 quum
965 2822 1123 2901 laudatur,
1135 2845 1200 2888 non
1210 2821 1307 2887 modo
1317 2820 1378 2885 diis

419 2945 515 3010 aequa
536 2936 687 3011 potestas,
709 2926 767 2990 sed
792 2947 995 3014 quaecunque
1021 2926 1130 2991 anima
1152 2925 1193 2990 de
1219 2923 1378 2991 sennento

419 3027 579 3113 superbire
594 3027 786 3092 intumescit.

423 3348 503 3436 Cap.
519 3356 549 3414 5.
572 3349 625 3414 Da
639 3350 765 3414 cautela
780 3350 998 3436 adulatorum,
1012 3356 1043 3413 at
1050 3348 1180 3432 frauda
1195 3347 1378 3430 multiplici,

520 3459 552 3516 et
566 3451 733 3514 comitibus
747 3451 958 3526 adulationis,
974 3456 1005 3511 at
1018 3449 1144 3529 sequela
1159 3466 1280 3509 aarum.

467 3609 558 3670 Suur
581 3618 698 3684 tamen,
719 3604 774 3690 qui
789 3605 937 3689 vulgares
959 3617 991 3668 et
1013 3601 1213 3667 adulationes
1234 3601 1375 3690 plebeias

422 3731 492 3774 nou⁴
507 3705 690 3782 admittant,
714 3718 751 3768 ut
773 3703 831 3790 qui
854 3703 966 3770 nolunt
988 3704 1044 3769 vili
1066 3718 1242 3788 unguento,
1263 3704 1375 3769 oleove

421 3807 678 3897 corrupto,quod
688 3807 949 3885 omnibussoetet,
960 3808 1193 3894 inungi,quum
1203 3808 1378 3872 amicorum

420 3927 477 3980 aut
491 3913 696 3979 convivarum
707 3923 864 3998 expetunt
878 3911 1024 3996 gratiam.
1048 3911 1133 3988 Quid
1150 3911 1234 3974 enim
1250 3908 1378 3994 turpius

421 4027 479 4093 est,
489 4037 586 4102 quam
601 4013 643 4078 ad
659 4012 813 4076 lenocinia
823 4011 989 4078 histrionis
1002 4011 1228 4098 transfigurare
1239 4009 1378 4088 vultum,

422 4127 547 4180 mutare
568 4114 724 4194 habitum,
746 4126 870 4180 motum
892 4114 1021 4191 ducere,
1043 4127 1075 4179 et
1098 4136 1162 4178 non
1185 4125 1250 4177 tarn
1269 4109 1377 4175 videre

422 4215 530 4293 alium,
547 4238 642 4302 quom
659 4239 691 4280 se
707 4215 811 4302 ipsum
828 4238 937 4300 gerere
952 4215 1160 4280 histrionem?
1185 4211 1272 4291 Quid
1289 4211 1379 4296 inep-

422 4320 501 4398 tius,
512 4341 609 4405 quam
624 4341 725 4406 quum
742 4315 823 4382 alius
839 4339 955 4403 magno
969 4316 1060 4385 biatu
1075 4315 1149 4399 oris,
1161 4315 1203 4380 ad
1219 4328 1251 4380 te
1266 4310 1379 4400 impel-
