3425 5367
285 749 356 796 car.
371 734 462 813 xxv]
619 748 874 795 conversemus.
1180 732 1240 790 129

285 898 311 962 si
326 898 368 963 de
382 898 560 965 testimonio
574 897 703 963 dubitas
719 898 859 984 Spiritus
873 898 996 963 sancti?
1035 898 1088 962 An
1105 893 1237 978 negabis

181 1069 186 1076 ‚
286 999 414 1063 Esaiam
426 1000 554 1077 dixisse,
568 1001 609 1062 ln
619 999 733 1085 spiritu
746 1001 888 1064 morieris
898 1014 930 1064 et
942 1020 1006 1064 nou
1017 999 1121 1062 vives?
1147 995 1237 1059 Vixit

285 1113 390 1163 tamen
401 1112 433 1164 et
444 1123 507 1164 uon
519 1115 664 1166 mortuus
674 1117 733 1176 est,
746 1099 879 1186 adjectis
892 1100 922 1164 ei
936 1099 1027 1165 annis
1040 1096 1236 1185 quindecim,

285 1221 342 1285 per
356 1199 599 1266 misericordiam
614 1203 695 1286 ejus,
711 1201 767 1286 qui
783 1202 967 1266 futurorum
983 1209 1115 1264 eventus
1128 1197 1160 1261 in
1176 1219 1236 1262 sua

284 1301 390 1385 posuit
419 1315 587 1388 potestate.
631 1305 676 1367 Et
707 1302 791 1366 forte
821 1316 967 1378 mortem,
993 1324 1091 1387 quarn
1120 1312 1237 1364 natura

285 1399 499 1488 vitaliumque
515 1403 661 1467 defectus
675 1403 888 1481 intentabant,
904 1403 984 1488 quia·
993 1403 1046 1466 ille
1060 1424 1117 1487 per
1133 1400 1237 1486 poeni·

284 1504 417 1566 tentiam
441 1514 587 1567 mortuus
608 1515 657 1567 est
678 1503 711 1566 in
733 1502 840 1588 culpa,
863 1502 995 1567 ulterior
1014 1501 1236 1566 comminantis

285 1601 347 1666 Dei
377 1602 542 1668 absorbuit
572 1603 797 1668 misericordia.
858 1603 973 1668 Achab
1001 1624 1131 1688 quoque
1161 1602 1236 1664 Rex

283 1702 501 1790 impiissimus,
521 1727 619 1791 quum
640 1704 774 1770 Jeaabel
796 1727 857 1768 nnn
873 1703 1122 1788 tam·coujugio,
1137 1723 1236 1788 qnam

283 1803 473 1870 crudelitate
494 1807 675 1892 conjuncta,
689 1827 790 1894 quum
806 1807 929 1872 vineam
945 1805 1047 1870 macti
1070 1802 1235 1869 Nabuthoe

282 1927 395 1970 cruore
404 1905 603 1992 possedisset,
613 1922 747 1974 mortem
756 1903 1235 1993 imminentem,praenunciante

283 2006 435 2084 Domino,
450 2009 665 2095 exspectabat.
712 2009 745 2073 Si
761 2009 840 2073 mihi
855 2031 918 2072 uon
934 2007 1050 2088 credis,
1062 2006 1149 2092 quod
1165 2027 1235 2069 eam

284 2110 373 2173 Deus
391 2107 459 2194 ipse
477 2111 753 2194 praenunciaverit,
769 2109 845 2176 audi
869 2109 1008 2174 Heliam.
1054 2108 1113 2172 Ait
1128 2106 1232 2171 enim:

283 2209 451 2276 Haedicit
462 2212 633 2278 Dominus:
651 2212 805 2277 Occidisti
818 2224 851 2276 et
863 2208 1042 2299 possedisti.
1066 2210 1231 2294 Itemque:

285 2309 324 2372 Iu
342 2333 410 2396 quo
429 2311 497 2376 loco
516 2311 678 2378 linxerunt
702 2337 794 2378 canes
816 2313 1004 2396 sanguinem
1023 2311 1166 2390 Naboth‚
1186 2309 1233 2374 ibi

283 2407 404 2493 lingent
423 2413 608 2497 sanguinem
630 2427 736 2491 tuum,
750 2427 783 2479 et
804 2413 938 2478 Jeaabel
960 2435 1053 2476 cauea
1066 2411 1233 2476 comedent

282 2521 354 2575 ante
363 2513 616 2580 murosJearael.
640 2514 733 2591 Quod
745 2536 846 2600 quum
856 2513 997 2578 audisset
1007 2513 1129 2587 Achab,
1139 2511 1234 2576 scidit

281 2612 470 2677 vestimenta
484 2635 550 2690 sua,
566 2626 599 2679 et
613 2617 721 2700 posuit
742 2637 866 2680 saccum
882 2636 979 2699 super
992 2633 1118 2678 earnem
1133 2635 1234 2687 suam,

277 2711 502 2798 jejunavitque
524 2729 557 2778 et
584 2713 736 2777 dormivit
760 2715 793 2778 in
817 2713 931 2778 cilicio.
977 2715 1162 2798 Factusque
1185 2726 1234 2777 est

280 2831 384 2876 termo
402 2813 532 2878 Domini
551 2813 592 2878 ad
610 2813 736 2878 Heliam
753 2814 881 2880 dicens:
913 2814 998 2889 Quia
1017 2814 1172 2878 reveritus
1185 2827 1233 2878 est

283 2913 399 2978 Achab
417 2913 530 2978 faciem
551 2937 666 2990 meam,
681 2937 743 2978 uon
764 2913 914 2980 inducam
934 2914 1054 2979 malum
1071 2914 1104 2978 iu
1119 2913 1234 2979 diebus

281 3013 361 3098 ejus.
406 3013 491 3077 Ecce
505 3035 600 3100 poeua
614 3035 689 3098 qnae
706 3014 885 3080 debebatur
900 3015 1026 3092 Achab,
1041 3014 1118 3103 quia
1132 3014 1232 3101 poeui-

282 3115 412 3178 tentiam
425 3117 502 3198 egit,
514 3114 662 3180 differtur
673 3117 706 3180 in
718 3129 872 3203 posteros,
882 3130 915 3182 et
928 3117 1059 3182 Jeaabel
1069 3117 1103 3180 in
1115 3114 1232 3180 scelere

281 3235 483 3299 perseverans
502 3217 651 3302 praesenti
661 3218 786 3304 judicio
802 3218 1044 3285 condemnatur.
1089 3219 1164 3281 Una
1178 3239 1231 3280 ea-

278 3313 415 3401 demque
445 3315 509 3381 l'uit
539 3319 705 3394 sententia,
734 3339 808 3404 quae
837 3321 1022 3404 sanguinem
1054 3318 1168 3381 Achab
1196 3330 1230 3380 et

280 3415 412 3482 Jeaabel
440 3419 573 3484 canibus
603 3419 795 3505 exponebat.
839 3423 885 3484 Et
915 3432 1020 3483 tamen
1050 3441 1110 3505 pro
1137 3430 1230 3504 parte

281 3531 436 3595 mutatur,
451 3532 483 3584 et
498 3543 558 3606 pro
580 3533 672 3607 parte
687 3534 793 3586 manet
809 3515 990 3594 immobilis,
1006 3532 1134 3585 auctore
1150 3532 1230 3584 tem-

280 3639 394 3703 porum
425 3620 468 3684 sic
492 3621 599 3686 omnia
623 3621 836 3708 dispensante.
882 3617 935 3688 Sic
958 3635 991 3687 et
1018 3620 1183 3697 Ninivitae,
1210 3644 1231 3686 a

280 3719 428 3804 presenti
448 3721 573 3786 excidio
597 3722 733 3801 liberati,
754 3724 886 3790 Domini
899 3723 1015 3788 flexere
1030 3726 1230 3800 sententiam,

279 3841 318 3884 ex
333 3819 439 3886 edicto
453 3823 536 3906 regis
550 3835 582 3886 et
597 3826 791 3908 principum,
806 3836 938 3909 agentes
954 3825 1174 3909 poenitentiam
1188 3825 1232 3888 ad

279 3919 534 4004 predicationem
556 3925 659 3988 Jonoe.
705 3925 873 4011 Numquid
893 3925 953 3990 tibi
976 3925 1105 3990 videtur
1127 3925 1232 3988 verior

167 4045 173 4056 ·
279 4033 311 4084 et
327 4023 450 4088 fidelior
470 4026 625 4092 sententia
647 4026 740 4090 Jovis
759 4041 789 4092 et
813 4027 942 4107 Martia,
957 4049 1052 4114 quam
1075 4028 1232 4092 sententia

279 4125 449 4190 creatoris?
488 4127 560 4191 Non
583 4128 695 4215 utique
718 4128 825 4194 Plauti
847 4127 978 4192 oonsilio
997 4127 1232 4212 acquiesces,si

279 4223 365 4288 istud
390 4225 505 4294 virium
529 4229 664 4316 planetis
678 4229 893 4316 adscripseris.
938 4230 1045 4306 Quum
1066 4229 1148 4292 enim
1173 4232 1232 4314 Sy.

279 4323 440 4410 cophanta
467 4329 718 4414 Mandrogerum
745 4339 1018 4414 percunctaretur,
1039 4350 1079 4390 an
1100 4328 1147 4392 illi
1169 4329 1233 4390 sint

326 4445 399 4492 von.
416 4447 466 4494 111.
751 4449 773 4494 s
