3425 5367
310 752 382 799 car.
398 734 459 814 v1.]
682 748 939 793 eoascmrrcns.
1200 735 1259 795 281

312 902 518 967 Exteriorum
542 920 679 986 namque
700 898 816 964 notitia
839 898 924 963 oculi
944 909 976 961 et
1000 898 1086 962 auris
1108 899 1261 985 obsequio

313 1004 491 1069 fidelissime
506 1003 620 1069 transit
634 1001 675 1066 ad
691 1002 840 1077 animam,
855 1013 888 1066 et
903 1001 1066 1066 thesauros
1085 1001 1190 1066 oordis
1204 1024 1261 1067 sae·

312 1106 387 1191 pius
402 1106 512 1191 lingua
525 1106 655 1171 incauta
668 1102 836 1190 dispergit.
880 1102 974 1181 Quod
991 1125 1066 1167 vero
1085 1103 1216 1169 audiens
1230 1116 1262 1168 et

315 1206 426 1271 videns
454 1206 583 1291 adjecit,
613 1204 764 1291 sapientis
788 1202 949 1289 judicium
978 1204 1141 1290 exprimit,
1166 1205 1264 1291 juxta

312 1308 414 1373 iilud:
443 1306 564 1372 Beatus
584 1307 640 1392 qui
662 1305 806 1391 loquitur
824 1304 856 1368 in
879 1327 956 1369 aure
975 1304 1143 1370 audientis.
1190 1306 1263 1371 Non

313 1411 425 1495 itaque
441 1408 655 1475 beatificatum
672 1406 797 1471 sedicit
815 1406 932 1491 linguis
951 1406 1125 1483 hominum,
1141 1430 1216 1493 quas
1230 1407 1264 1471 in

315 1512 502 1576 alterutram
521 1522 645 1596 partem
658 1508 707 1573 vel
723 1530 842 1587 amore,
856 1508 907 1573 vel
921 1508 996 1573 odio
1010 1508 1194 1595 frequenter
1207 1509 1265 1573 im-

315 1612 489 1700 pelluntur.
514 1610 640 1677 Sufficit
649 1610 678 1675 ei
689 1609 908 1675 testimonium
917 1609 1124 1690 conscientiae,
1134 1631 1266 1697 praeser-

316 1719 374 1781 tim
384 1736 484 1802 quum
494 1714 678 1778 roboratum
688 1714 730 1777 sit
736 1710 862 1797 judicio
871 1712 1059 1797 sapientum.
1082 1710 1266 1797 Emiuquit,

316 1816 403 1903 quod
416 1815 595 1880 liberassem
611 1835 796 1900 pauperem,
805 1813 979 1899 pupillum,
990 1823 1022 1878 et
1030 1814 1222 1901 periturum,
1233 1824 1266 1879 et

316 1918 576 1984 oonsolatussum
585 1915 767 1981 corviduae.
793 1916 834 1979 Iu
845 1915 897 1981 bis
908 1916 992 1982 enim
1004 1917 1142 1983 maxime
1151 1916 1268 2003 prinei-

317 2020 398 2107 palis
411 2020 510 2083 claret
524 2018 712 2095 auctoritas,
721 2040 797 2105 quae
811 2040 831 2081 a
845 2018 985 2083 Domino
995 2018 1144 2085 instituta
1152 2036 1211 2097 est,
1226 2018 1268 2083 ad

317 2122 449 2209 injurias
470 2119 711 2208 propulsandas.
757 2122 840 2185 Haec
863 2120 991 2207 quidem
1006 2142 1104 2207 opera
1121 2134 1195 2187 sunt
1210 2120 1269 2185 mi·

319 2222 509 2297 sericordiae,
532 2236 565 2289 et
579 2226 640 2289 erit
662 2244 776 2288 nomen
799 2222 924 2307 agentis
941 2244 988 2298 ea,
1013 2222 1214 2289 benedictum
1236 2222 1269 2287 in

319 2325 434 2391 secula.
479 2324 545 2392 Sed
573 2347 631 2389 nec
659 2323 770 2388 credas
799 2346 871 2387 eum
902 2324 1077 2390 remissiore
1105 2324 1271 2390 clementia

319 2428 407 2493 vitiis
422 2425 586 2493 audaciam
606 2424 809 2510 praestitisse:
834 2424 981 2501 Justitia,
1000 2425 1114 2511 inquit,
1136 2426 1272 2491 indutus

320 2551 403 2603 sum,
418 2544 452 2593 et
466 2526 646 2591 diademate
665 2525 790 2613 judicio
816 2548 897 2589 meo.
943 2529 1080 2593 Causam
1104 2549 1201 2613 quam
1217 2548 1271 2591 ne·

321 2629 469 2709 sciebam,
491 2627 730 2715 diligentissime
749 2626 991 2712 investigabam.
1036 2630 1172 2715 Oportet
1187 2628 1271 2693 enim
1357 2704 1360 2711 ,

316 2730 460 2817 judicem
482 2742 598 2795 cuncta
618 2728 738 2803 rimari,
759 2740 792 2793 et
813 2728 957 2795 ordinem
980 2752 1084 2795 rerum
1110 2732 1204 2817 plena
1225 2728 1274 2794 in·

322 2830 494 2919 quisitione
516 2831 687 2907 discutere,
712 2852 770 2893 nee
791 2841 865 2895 ante
890 2830 1019 2895 obviare
1043 2830 1149 2911 alicui,
1176 2852 1273 2918 quam

322 2955 417 2999 eausa
431 2936 472 2999 sit
487 2932 637 3017 legitimis
650 2930 827 2997 rationibus
840 2930 1020 3017 plenissime
1035 2932 1178 2999 limitata.
1223 2934 1272 2999 Ut

323 3034 406 3099 enim
421 3034 467 3099 sit
481 3035 616 3114 ethicus,
637 3033 678 3099 ad
701 3034 921 3120 paenitendum
944 3049 1105 3121 properat,
1127 3036 1273 3123 quisquis

323 3136 388 3201 cito
411 3134 548 3223 judicat.
606 3136 817 3202 conterebam
843 3136 943 3201 molas
967 3135 1080 3223 iniqui.
1137 3139 1274 3225 Iniquus

323 3250 383 3318 est,
407 3236 556 3324 quisquis
580 3236 613 3299 in
631 3235 764 3322 judiciis
792 3236 939 3322 sequitur
963 3260 1026 3301 nou
1055 3258 1195 3319 causam,
1218 3237 1273 3303 sed

323 3338 475 3427 praedam.
519 3338 584 3414 Qui
613 3340 658 3403 sie
686 3358 820 3402 munera
847 3336 964 3423 diligit,
987 3350 1022 3405 ut
1045 3350 1199 3425 sequatur
1227 3361 1276 3403 re-

324 3440 523 3507 tributiones.
568 3440 614 3505 Et
635 3438 710 3504 licet
731 3461 861 3525 mquam
885 3443 938 3517 sit,
961 3440 1049 3527 quod
1070 3439 1211 3506 decernit
1233 3438 1274 3505 ad

324 3544 477 3630 pretium,
497 3541 639 3607 avaritia
659 3541 796 3606 serviens
811 3542 918 3628 pergit
934 3545 966 3607 in
989 3554 1133 3609 mortem.
1178 3542 1276 3607 Unde

327 3646 490 3731 sequitur:
518 3645 564 3709 Et
586 3643 627 3709 de
649 3642 800 3707 dentibus
814 3642 901 3707 illius
920 3643 1101 3709 auferebam
1124 3643 1276 3731 praedam,

326 3746 557 3832 dioebamque:
580 3749 618 3811 in
644 3744 758 3811 nidulo
786 3768 857 3810 meo
883 3746 1007 3811 moriar.
1051 3750 1194 3813 Mentem
1216 3747 1277 3811 ita·

326 3871 391 3935 que
426 3860 658 3935 composuerat,
687 3846 744 3933 qui
772 3870 878 3912 rerum
909 3870 1038 3912 suarum
1067 3846 1278 3933 amplitudine
1333 3832 1344 3853 ⁶

326 3962 497 4015 eontentus
511 3962 589 4013 erat.
634 3952 702 4014 Nec
717 3948 861 4013 avaritie
881 3960 938 4012 aut
952 3947 1134 4013 ambitionis
1148 3948 1278 4013 stimulo

329 4050 515 4135 urgebatur,
525 4063 563 4115 m
574 4050 705 4115 domum
717 4048 839 4126 domui,
849 4072 963 4135 mum
975 4049 1278 4135 agrooonjungeret,

329 4150 488 4237 usquead
503 4151 655 4217 terminos
666 4149 738 4226 loci,
752 4172 790 4215 ac
805 4154 831 4216 si
846 4150 932 4215 solus
943 4152 1145 4217 habitaturus
1155 4164 1237 4217 esset
1245 4152 1278 4216 in

330 4250 496 4337 superficie
515 4266 617 4317 terrae.
664 4249 707 4317 Et
729 4253 812 4317 sicut
833 4250 941 4337 palma
960 4252 1181 4339 multiplicabo
1199 4252 1279 4319 dies.

330 4354 413 4417 Rem
431 4350 669 4417 admirandam!
692 4351 879 4419 Aristoteles
898 4352 930 4417 in
947 4353 1082 4439 septimo
1104 4351 1279 4439 problema-
