3425 5367
469 704 510 765 46
665 692 668 697 ’
726 715 1153 761 Josuu1sasausnaaraus1s
1300 683 1384 776 [ara.
1402 704 1425 765 i.

469 866 614 931 noverint
632 864 846 952 profluxisse,
879 886 1054 951 verumque
1085 888 1227 952 persaepe
1256 856 1426 952 proferunt

468 967 535 1033 sola
564 968 740 1033 intentione
769 966 912 1044 fallendi,
938 989 958 1031 a
984 965 1105 1052 quihus
1132 967 1271 1033 animam
1298 968 1425 1037 fidelem
1463 964 1488 1005 ⁹

467 1068 626 1135 Dominus
636 1090 756 1151 arcens,
767 1069 830 1134 ait:
857 1070 891 1132 Si
906 1068 1046 1133 dixerint
1060 1068 1159 1149 vohis,
1170 1082 1202 1135 et
1214 1069 1260 1134 ita
1270 1074 1423 1150 evenerit,

467 1193 508 1235 ne
528 1170 664 1235 credatis
683 1170 737 1235 eis.
781 1169 986 1255 Praestigium
1006 1192 1083 1233 vero
1101 1173 1285 1235 Mercurius
1306 1172 1425 1239 dicitur

449 1272 632 1349 invenisse,
655 1272 742 1357 quod
767 1294 807 1335 ex
828 1296 867 1337 eo
889 1271 933 1335 sic
954 1270 1085 1347 dicitur,
1107 1271 1196 1356 quod
1220 1274 1318 1339 aciem
1342 1297 1423 1360 prae·

466 1372 602 1457 stringat
622 1372 797 1449 oculorum,
813 1372 944 1458 fuitque
963 1392 1127 1455 magorum
1147 1370 1370 1456 peritissimus,
1385 1388 1423 1441 ut

463 1494 673 1558 quascunque
688 1495 739 1537 res
754 1472 848 1537 vellet
863 1470 1047 1537 invisibiles*
1057 1470 1188 1549 faceret,
1205 1486 1261 1538 aut
1278 1486 1315 1539 ut
1332 1474 1421 1539 ride-

463 1573 570 1648 batur,
580 1572 613 1637 in
626 1573 703 1639 alias
715 1572 835 1658 species
847 1572 1097 1637 transformaret.
1128 1574 1244 1637 Omnia
1259 1574 1418 1660 siquidem

462 1674 549 1738 unde
570 1674 747 1739 doctrinam
766 1674 916 1739 mathesis
933 1686 1034 1739 notat.
1073 1677 1117 1739 At
1132 1673 1242 1749 divina
1259 1676 1419 1755 mathesis,

464 1772 542 1839 dum
572 1775 782 1861 penultimam
812 1774 970 1849 extendis,
1000 1774 1164 1860 figmenta,
1193 1774 1235 1839 ad
1262 1776 1418 1861 magicam

462 1872 659 1955 referuntur,
672 1874 766 1959 cujus
780 1870 929 1957 plurimae
945 1872 1065 1957 species
1079 1884 1154 1937 sunt
1169 1885 1202 1937 et
1216 1872 1361 1939 diversae.

457 2067 461 2073 ι
554 2092 636 2175 Cap.
653 2094 703 2155 lo.
730 2088 795 2165 Qut
809 2092 877 2154 sint
890 2089 996 2174 mayr,
1011 2099 1044 2155 et
1057 2092 1145 2157 unde
1158 2092 1324 2159 dicantar.

503 2236 556 2297 Er
571 2230 701 2317 quidem
725 2230 809 2315 magi
831 2242 918 2307 sunt,
933 2243 965 2294 et
980 2231 1022 2295 ob
1045 2232 1301 2318 magnitudinem
1320 2232 1416 2297 male·-

460 2333 604 2397 ficiorum
631 2333 675 2397 sic
701 2332 917 2419 appellantur,
948 2332 1006 2417 qui
1033 2333 1173 2397 Domino
1200 2333 1416 2418 permittente,

460 2436 616 2501 elementa
640 2434 847 2509 concutiunt3
884 2433 981 2497 rehus
1009 2433 1155 2499 adimunt
1181 2435 1300 2521 species
1330 2457 1415 2511 suas,

458 2550 595 2602 ventura
624 2535 814 2621 plerumque
849 2534 1084 2621 praenunciant,
1122 2536 1254 2600 turbant
1290 2548 1412 2600 mentes

459 2638 635 2719 hominum,
661 2622 838 2702 immittunt
869 2635 1002 2714 somnia,
1029 2636 1236 2723 hominesque
1262 2636 1413 2701 violentia

456 2740 603 2805 carminis
626 2738 784 2805 duntaxat
807 2738 970 2818 occidunt,
986 2738 1074 2825 quod
1095 2752 1128 2803 et
1151 2738 1316 2804 Lucanum
1340 2761 1411 2803 nos*

458 2854 544 2909 trum
560 2865 623 2907 non
638 2842 746 2907 latuit.
790 2840 845 2904 Ait
861 2839 957 2918 enim,
1035 2867 1037 2871 ·

562 2959 642 3012 Mens
652 2959 739 3011 hausti
751 2956 824 3009 nulla
836 2957 910 3008 sanie
922 2956 1021 3025 polluta
1032 2958 1134 3020 veneni,

562 3028 700 3079 Incantata
712 3028 789 3094 perit.

454 3130 500 3190 Et
516 3146 556 3187 ne
571 3126 630 3188 tibi
646 3144 746 3209 parva
759 3120 908 3185 videatur
921 3120 1007 3183 illius
1021 3121 1208 3197 auctoritas,
1223 3124 1306 3186 nosti
1321 3119 1411 3209 quod

454 3232 585 3295 Jamnes
600 3237 632 3290 et
643 3224 803 3300 Mambre,
815 3224 901 3307 magi
917 3221 1093 3285 Pharaonis
1108 3221 1251 3284 fuerunt.
1281 3223 1412 3307 AEgyp.

455 3343 509 3395 tus
525 3327 641 3395 etenim
655 3324 841 3413 hujusmodi
854 3322 1118 3411 superstitionum
1134 3335 1166 3385 et
1181 3320 1411 3390 maleficiorum

456 3444 558 3497 mater
572 3443 630 3497 est.
672 3429 767 3494 Nosti
782 3431 913 3512 inqu-am
929 3448 993 3502 eos,
1006 3447 1069 3488 non
1085 3424 1180 3488 modo
1195 3427 1305 3509 Moysi
1319 3426 1410 3490 resti-

454 3533 539 3610 tisse,
554 3531 610 3595 sed
625 3552 699 3593 cum
714 3552 752 3591 eo
767 3527 865 3611 signis
879 3537 911 3589 et
932 3522 1091 3589 miraculis
1106 3524 1318 3602 contendisse,
1334 3525 1409 3591 iicet

453 3631 658 3720 postmodum
685 3629 735 3693 rel
761 3627 854 3691 inviti
880 3626 980 3691 coacti
1007 3639 1094 3706 sunt,
1121 3626 1259 3712 digitum
1286 3626 1348 3690 Dei
1375 3626 1409 3689 in

453 3730 552 3818 signis
567 3729 675 3816 Moysi
691 3728 844 3793 confiteri.

646 3966 725 4050 Cap.
745 3971 793 4028 ll.
816 3962 870 4029 Dc
883 3966 1042 4047 aperiebas
1056 3966 1211 4047 Magicae.

493 4106 613 4166 Vareno
628 4111 734 4164 autem
750 4098 983 4163 curiosissimus
998 4101 1079 4164 inter
1094 4098 1314 4185 philosophos,
1327 4118 1406 4182 qua*

451 4218 525 4269 tuor
548 4201 667 4287 species
688 4200 892 4265 divinationis
912 4201 955 4266 ah
974 4200 1137 4265 elementis
1157 4211 1323 4264 mutuatus
1344 4209 1403 4271 est,

452 4303 683 4391 pyromantiam
699 4300 827 4381 scilicet,
838 4300 1077 4381 aeromantiam,
1088 4300 1358 4386 hydromantiam,
1374 4310 1406 4363 et
