<?xml version="1.0" encoding="UTF-8"?>
<!DOCTYPE html PUBLIC "-//W3C//DTD XHTML 1.0 Transitional//EN"
    "http://www.w3.org/TR/xhtml1/DTD/xhtml1-transitional.dtd">
<html xmlns="http://www.w3.org/1999/xhtml" xml:lang="en" lang="en">
 <head>
  <title>
</title>
<meta http-equiv="Content-Type" content="text/html;charset=utf-8" />
  <meta name='ocr-system' content='tesseract 3.04.00' />
  <meta name='ocr-capabilities' content='ocr_page ocr_carea ocr_par ocr_line ocrx_word'/>
</head>
<body>
  <div class='ocr_page' id='page_1' title='image "./operaomnianuncp04johngoog_0100.png"; bbox 0 0 3425 5367; ppageno 0'>
   <div class='ocr_carea' id='block_1_1' title="bbox 342 682 1298 756">
    <p class='ocr_par' dir='ltr' id='par_1_1' title="bbox 342 682 1298 756">
     <span class='ocr_line' id='line_1_1' title="bbox 342 682 1298 756; baseline -0.001 -14"><span class='ocrx_word' id='word_1_1' title='bbox 342 695 411 742; x_wconf 75' lang='lat' dir='ltr'><strong>cae.</strong></span> <span class='ocrx_word' id='word_1_2' title='bbox 427 682 512 756; x_wconf 71' lang='lat' dir='ltr'><strong>xva]</strong></span> <span class='ocrx_word' id='word_1_3' title='bbox 693 697 948 744; x_wconf 80' lang='lat' dir='ltr'><strong>eonrcmmcos.</strong></span> <span class='ocrx_word' id='word_1_4' title='bbox 1256 682 1298 741; x_wconf 79' lang='grc'><strong>89</strong></span> 
     </span>
    </p>
   </div>
   <div class='ocr_carea' id='block_1_2' title="bbox 336 845 1297 4186">
    <p class='ocr_par' dir='ltr' id='par_1_2' title="bbox 336 845 1297 4186">
     <span class='ocr_line' id='line_1_2' title="bbox 344 845 1294 935; baseline -0.001 -24"><span class='ocrx_word' id='word_1_5' title='bbox 344 849 426 924; x_wconf 82' lang='lat' dir='ltr'><strong>Quae</strong></span> <span class='ocrx_word' id='word_1_6' title='bbox 447 849 576 935; x_wconf 90' lang='lat' dir='ltr'><strong>quidem</strong></span> <span class='ocrx_word' id='word_1_7' title='bbox 597 850 704 913; x_wconf 90' lang='lat' dir='ltr'><strong>omnia</strong></span> <span class='ocrx_word' id='word_1_8' title='bbox 724 849 918 913; x_wconf 85' lang='lat' dir='ltr'><strong>contrarium</strong></span> <span class='ocrx_word' id='word_1_9' title='bbox 938 847 1064 911; x_wconf 80' lang='lat' dir='ltr'><strong>faciunt</strong></span> <span class='ocrx_word' id='word_1_10' title='bbox 1085 845 1294 923; x_wconf 80' lang='lat' dir='ltr'><strong>intellectum,</strong></span> 
     </span>
     <span class='ocr_line' id='line_1_3' title="bbox 344 947 1295 1034; baseline -0.001 -21"><span class='ocrx_word' id='word_1_11' title='bbox 344 972 446 1034; x_wconf 89' lang='lat' dir='ltr'><strong>quum</strong></span> <span class='ocrx_word' id='word_1_12' title='bbox 479 950 575 1014; x_wconf 81' lang='lat' dir='ltr'><strong>Urias</strong></span> <span class='ocrx_word' id='word_1_13' title='bbox 604 949 772 1026; x_wconf 82' lang='lat' dir='ltr'><strong>Diabolus,</strong></span> <span class='ocrx_word' id='word_1_14' title='bbox 796 949 905 1015; x_wconf 86' lang='lat' dir='ltr'><strong>David</strong></span> <span class='ocrx_word' id='word_1_15' title='bbox 934 948 1095 1027; x_wconf 82' lang='lat' dir='ltr'><strong>cbristus,</strong></span> <span class='ocrx_word' id='word_1_16' title='bbox 1116 947 1295 1012; x_wconf 85' lang='lat' dir='ltr'><strong>Bethsabee</strong></span> 
     </span>
     <span class='ocr_line' id='line_1_4' title="bbox 343 1049 1295 1134; baseline -0.002 -19"><span class='ocrx_word' id='word_1_17' title='bbox 343 1065 543 1134; x_wconf 85' lang='lat' dir='ltr'><strong>peccatorum</strong></span> <span class='ocrx_word' id='word_1_18' title='bbox 569 1052 640 1116; x_wconf 88' lang='lat' dir='ltr'><strong>labe</strong></span> <span class='ocrx_word' id='word_1_19' title='bbox 665 1051 827 1131; x_wconf 82' lang='lat' dir='ltr'><strong>deformis,</strong></span> <span class='ocrx_word' id='word_1_20' title='bbox 851 1051 986 1116; x_wconf 89' lang='lat' dir='ltr'><strong>ecclesia</strong></span> <span class='ocrx_word' id='word_1_21' title='bbox 1009 1049 1180 1134; x_wconf 84' lang='lat' dir='ltr'><strong>figuretur.</strong></span> <span class='ocrx_word' id='word_1_22' title='bbox 1216 1051 1295 1113; x_wconf 86' lang='lat' dir='ltr'><strong>Fre·</strong></span> 
     </span>
     <span class='ocr_line' id='line_1_5' title="bbox 341 1150 1296 1240; baseline 0 -25"><span class='ocrx_word' id='word_1_23' title='bbox 341 1174 440 1237; x_wconf 92' lang='lat' dir='ltr'><strong>quens</strong></span> <span class='ocrx_word' id='word_1_24' title='bbox 454 1167 559 1218; x_wconf 84' lang='lat' dir='ltr'><strong>tumen</strong></span> <span class='ocrx_word' id='word_1_25' title='bbox 575 1167 607 1218; x_wconf 92' lang='lat' dir='ltr'><strong>et</strong></span> <span class='ocrx_word' id='word_1_26' title='bbox 625 1154 718 1240; x_wconf 91' lang='lat' dir='ltr'><strong>quasi</strong></span> <span class='ocrx_word' id='word_1_27' title='bbox 732 1153 879 1236; x_wconf 81' lang='lat' dir='ltr'>regulare</span> <span class='ocrx_word' id='word_1_28' title='bbox 895 1154 953 1237; x_wconf 91' lang='lat' dir='ltr'><strong>jus</strong></span> <span class='ocrx_word' id='word_1_29' title='bbox 974 1166 1032 1230; x_wconf 81' lang='lat' dir='ltr'><strong>est,</strong></span> <span class='ocrx_word' id='word_1_30' title='bbox 1045 1164 1084 1215; x_wconf 92' lang='lat' dir='ltr'><strong>ut</strong></span> <span class='ocrx_word' id='word_1_31' title='bbox 1102 1174 1123 1213; x_wconf 91' lang='lat' dir='ltr'><strong>a</strong></span> <span class='ocrx_word' id='word_1_32' title='bbox 1137 1150 1296 1215; x_wconf 79' lang='lat' dir='ltr'><strong>similibus</strong></span> 
     </span>
     <span class='ocr_line' id='line_1_6' title="bbox 341 1251 1295 1341; baseline -0.002 -23"><span class='ocrx_word' id='word_1_33' title='bbox 341 1254 381 1318; x_wconf 91' lang='lat' dir='ltr'><strong>ad</strong></span> <span class='ocrx_word' id='word_1_34' title='bbox 404 1255 519 1320; x_wconf 84' lang='lat' dir='ltr'><strong>similia</strong></span> <span class='ocrx_word' id='word_1_35' title='bbox 534 1270 677 1320; x_wconf 87' lang='lat' dir='ltr'><strong>recurrat</strong></span> <span class='ocrx_word' id='word_1_36' title='bbox 699 1254 930 1341; x_wconf 81' lang='lat' dir='ltr'><strong>interpretatio.</strong></span> <span class='ocrx_word' id='word_1_37' title='bbox 967 1253 1086 1316; x_wconf 91' lang='lat' dir='ltr'><strong>Verum</strong></span> <span class='ocrx_word' id='word_1_38' title='bbox 1100 1251 1183 1316; x_wconf 88' lang='lat' dir='ltr'><strong>banc</strong></span> <span class='ocrx_word' id='word_1_39' title='bbox 1198 1253 1295 1317; x_wconf 83' lang='lat' dir='ltr'><strong>visio-</strong></span> 
     </span>
     <span class='ocr_line' id='line_1_7' title="bbox 338 1354 1294 1442; baseline 0 -24"><span class='ocrx_word' id='word_1_40' title='bbox 338 1376 426 1435; x_wconf 88' lang='lat' dir='ltr'>num,</span> <span class='ocrx_word' id='word_1_41' title='bbox 441 1377 522 1442; x_wconf 88' lang='lat' dir='ltr'><strong>quas</strong></span> <span class='ocrx_word' id='word_1_42' title='bbox 538 1358 628 1442; x_wconf 87' lang='lat' dir='ltr'><strong>quies</strong></span> <span class='ocrx_word' id='word_1_43' title='bbox 646 1356 780 1431; x_wconf 88' lang='lat' dir='ltr'><strong>inducit,</strong></span> <span class='ocrx_word' id='word_1_44' title='bbox 796 1355 982 1419; x_wconf 83' lang='lat' dir='ltr'><strong>divisionem</strong></span> <span class='ocrx_word' id='word_1_45' title='bbox 996 1377 1055 1440; x_wconf 92' lang='lat' dir='ltr'><strong>per</strong></span> <span class='ocrx_word' id='word_1_46' title='bbox 1068 1354 1216 1440; x_wconf 89' lang='lat' dir='ltr'><strong>opposita</strong></span> <span class='ocrx_word' id='word_1_47' title='bbox 1228 1376 1294 1418; x_wconf 92' lang='lat' dir='ltr'><strong>uon</strong></span> 
     </span>
     <span class='ocr_line' id='line_1_8' title="bbox 343 1455 1296 1542; baseline 0.002 -25"><span class='ocrx_word' id='word_1_48' title='bbox 343 1455 611 1530; x_wconf 81' lang='lat' dir='ltr'><strong>liericertumest;</strong></span> <span class='ocrx_word' id='word_1_49' title='bbox 629 1455 1296 1542; x_wconf 85' lang='lat' dir='ltr'><strong>quumeadempropartesitvisio‚aliunde</strong></span> 
     </span>
     <span class='ocr_line' id='line_1_9' title="bbox 341 1555 1295 1643; baseline 0 -24"><span class='ocrx_word' id='word_1_50' title='bbox 341 1555 519 1636; x_wconf 89' lang='lat' dir='ltr'><strong>oraculum,</strong></span> <span class='ocrx_word' id='word_1_51' title='bbox 544 1570 575 1621; x_wconf 91' lang='lat' dir='ltr'><strong>et</strong></span> <span class='ocrx_word' id='word_1_52' title='bbox 602 1569 733 1643; x_wconf 92' lang='lat' dir='ltr'><strong>propter</strong></span> <span class='ocrx_word' id='word_1_53' title='bbox 758 1579 865 1620; x_wconf 89' lang='lat' dir='ltr'><strong>rerum</strong></span> <span class='ocrx_word' id='word_1_54' title='bbox 893 1556 1014 1640; x_wconf 83' lang='lat' dir='ltr'><strong>figuras</strong></span> <span class='ocrx_word' id='word_1_55' title='bbox 1041 1557 1142 1640; x_wconf 84' lang='lat' dir='ltr'><strong>possit</strong></span> <span class='ocrx_word' id='word_1_56' title='bbox 1166 1557 1295 1620; x_wconf 89' lang='lat' dir='ltr'><strong>somniis</strong></span> 
     </span>
     <span class='ocr_line' id='line_1_10' title="bbox 339 1655 1296 1746; baseline 0 -23"><span class='ocrx_word' id='word_1_57' title='bbox 339 1661 521 1745; x_wconf 79' lang='lat' dir='ltr'><strong>aggregari,</strong></span> <span class='ocrx_word' id='word_1_58' title='bbox 533 1673 565 1724; x_wconf 89' lang='lat' dir='ltr'><strong>et</strong></span> <span class='ocrx_word' id='word_1_59' title='bbox 581 1661 744 1725; x_wconf 86' lang='lat' dir='ltr'><strong>universas</strong></span> <span class='ocrx_word' id='word_1_60' title='bbox 758 1682 868 1725; x_wconf 90' lang='lat' dir='ltr'><strong>eorum</strong></span> <span class='ocrx_word' id='word_1_61' title='bbox 884 1658 1004 1746; x_wconf 90' lang='lat' dir='ltr'><strong>species</strong></span> <span class='ocrx_word' id='word_1_62' title='bbox 1015 1655 1209 1744; x_wconf 88' lang='lat' dir='ltr'><strong>quandoque</strong></span> <span class='ocrx_word' id='word_1_63' title='bbox 1222 1683 1296 1723; x_wconf 90' lang='lat' dir='ltr'><strong>oon-</strong></span> 
     </span>
     <span class='ocr_line' id='line_1_11' title="bbox 341 1759 1295 1848; baseline -0.002 -22"><span class='ocrx_word' id='word_1_64' title='bbox 341 1761 464 1846; x_wconf 85' lang='lat' dir='ltr'><strong>tingat:</strong></span> <span class='ocrx_word' id='word_1_65' title='bbox 498 1761 585 1848; x_wconf 91' lang='lat' dir='ltr'><strong>quod</strong></span> <span class='ocrx_word' id='word_1_66' title='bbox 608 1773 641 1826; x_wconf 92' lang='lat' dir='ltr'><strong>et</strong></span> <span class='ocrx_word' id='word_1_67' title='bbox 663 1761 815 1826; x_wconf 84' lang='lat' dir='ltr'><strong>studiosis</strong></span> <span class='ocrx_word' id='word_1_68' title='bbox 837 1762 1069 1846; x_wconf 85' lang='lat' dir='ltr'><strong>scripturarum</strong></span> <span class='ocrx_word' id='word_1_69' title='bbox 1091 1759 1222 1845; x_wconf 80' lang='lat' dir='ltr'><strong>planum</strong></span> <span class='ocrx_word' id='word_1_70' title='bbox 1236 1775 1295 1826; x_wconf 91' lang='lat' dir='ltr'><strong>est.</strong></span> 
     </span>
     <span class='ocr_line' id='line_1_12' title="bbox 342 1861 1297 1948; baseline 0.002 -22"><span class='ocrx_word' id='word_1_71' title='bbox 342 1863 430 1926; x_wconf 91' lang='lat' dir='ltr'><strong>Visio</strong></span> <span class='ocrx_word' id='word_1_72' title='bbox 445 1863 597 1940; x_wconf 81' lang='lat' dir='ltr'><strong>Africani,</strong></span> <span class='ocrx_word' id='word_1_73' title='bbox 612 1863 821 1948; x_wconf 84' lang='lat' dir='ltr'><strong>Apocalypsis</strong></span> <span class='ocrx_word' id='word_1_74' title='bbox 835 1865 994 1946; x_wconf 76' lang='lat' dir='ltr'><strong>Apostoli,</strong></span> <span class='ocrx_word' id='word_1_75' title='bbox 1009 1861 1152 1925; x_wconf 75' lang='lat' dir='ltr'><strong>Danielis</strong></span> <span class='ocrx_word' id='word_1_76' title='bbox 1164 1875 1198 1926; x_wconf 91' lang='lat' dir='ltr'><strong>et</strong></span> <span class='ocrx_word' id='word_1_77' title='bbox 1213 1865 1297 1928; x_wconf 81' lang='lat' dir='ltr'><strong>Eze-</strong></span> 
     </span>
     <span class='ocr_line' id='line_1_13' title="bbox 340 1963 1294 2050; baseline 0.002 -22"><span class='ocrx_word' id='word_1_78' title='bbox 340 1963 450 2028; x_wconf 91' lang='lat' dir='ltr'><strong>chielis</strong></span> <span class='ocrx_word' id='word_1_79' title='bbox 471 1969 618 2040; x_wconf 87' lang='lat' dir='ltr'><strong>oracula;</strong></span> <span class='ocrx_word' id='word_1_80' title='bbox 645 1965 766 2028; x_wconf 87' lang='lat' dir='ltr'><strong>somnia</strong></span> <span class='ocrx_word' id='word_1_81' title='bbox 786 1963 962 2028; x_wconf 85' lang='lat' dir='ltr'><strong>Pharaonis</strong></span> <span class='ocrx_word' id='word_1_82' title='bbox 977 1977 1010 2027; x_wconf 92' lang='lat' dir='ltr'><strong>et</strong></span> <span class='ocrx_word' id='word_1_83' title='bbox 1031 1965 1168 2050; x_wconf 83' lang='lat' dir='ltr'><strong>Josepb,</strong></span> <span class='ocrx_word' id='word_1_84' title='bbox 1183 1988 1294 2030; x_wconf 90' lang='lat' dir='ltr'><strong>eorum</strong></span> 
     </span>
     <span class='ocr_line' id='line_1_14' title="bbox 341 2065 1294 2152; baseline 0.002 -24"><span class='ocrx_word' id='word_1_85' title='bbox 341 2089 414 2151; x_wconf 85' lang='lat' dir='ltr'><strong>quae</strong></span> <span class='ocrx_word' id='word_1_86' title='bbox 429 2065 515 2130; x_wconf 85' lang='lat' dir='ltr'><strong>dicta</strong></span> <span class='ocrx_word' id='word_1_87' title='bbox 530 2079 604 2130; x_wconf 89' lang='lat' dir='ltr'><strong>sunt</strong></span> <span class='ocrx_word' id='word_1_88' title='bbox 626 2066 749 2129; x_wconf 85' lang='lat' dir='ltr'><strong>faciunt</strong></span> <span class='ocrx_word' id='word_1_89' title='bbox 765 2065 871 2128; x_wconf 85' lang='lat' dir='ltr'><strong>fidem.</strong></span> <span class='ocrx_word' id='word_1_90' title='bbox 908 2065 1056 2128; x_wconf 90' lang='lat' dir='ltr'><strong>Personis</strong></span> <span class='ocrx_word' id='word_1_91' title='bbox 1073 2089 1207 2151; x_wconf 92' lang='lat' dir='ltr'><strong>quoque</strong></span> <span class='ocrx_word' id='word_1_92' title='bbox 1220 2067 1294 2152; x_wconf 90' lang='lat' dir='ltr'><strong>qui-</strong></span> 
     </span>
     <span class='ocr_line' id='line_1_15' title="bbox 339 2162 1294 2252; baseline 0.002 -24"><span class='ocrx_word' id='word_1_93' title='bbox 339 2166 474 2231; x_wconf 88' lang='lat' dir='ltr'><strong>busdam</strong></span> <span class='ocrx_word' id='word_1_94' title='bbox 499 2167 615 2230; x_wconf 87' lang='lat' dir='ltr'><strong>veritas</strong></span> <span class='ocrx_word' id='word_1_95' title='bbox 643 2165 843 2252; x_wconf 86' lang='lat' dir='ltr'><strong>frequentius</strong></span> <span class='ocrx_word' id='word_1_96' title='bbox 871 2162 1037 2239; x_wconf 86' lang='lat' dir='ltr'><strong>illucescit,</strong></span> <span class='ocrx_word' id='word_1_97' title='bbox 1066 2178 1181 2251; x_wconf 89' lang='lat' dir='ltr'><strong>utpote</strong></span> <span class='ocrx_word' id='word_1_98' title='bbox 1208 2189 1294 2230; x_wconf 91' lang='lat' dir='ltr'><strong>com-</strong></span> 
     </span>
     <span class='ocr_line' id='line_1_16' title="bbox 339 2267 1293 2353; baseline 0.002 -22"><span class='ocrx_word' id='word_1_99' title='bbox 339 2271 478 2353; x_wconf 89' lang='lat' dir='ltr'><strong>positum</strong></span> <span class='ocrx_word' id='word_1_100' title='bbox 501 2267 693 2332; x_wconf 83' lang='lat' dir='ltr'><strong>habentibus</strong></span> <span class='ocrx_word' id='word_1_101' title='bbox 712 2268 866 2344; x_wconf 90' lang='lat' dir='ltr'><strong>animum,</strong></span> <span class='ocrx_word' id='word_1_102' title='bbox 886 2267 966 2332; x_wconf 91' lang='lat' dir='ltr'><strong>alias</strong></span> <span class='ocrx_word' id='word_1_103' title='bbox 986 2267 1183 2353; x_wconf 85' lang='lat' dir='ltr'><strong>frequentior</strong></span> <span class='ocrx_word' id='word_1_104' title='bbox 1203 2293 1293 2333; x_wconf 86' lang='lat' dir='ltr'><strong>error</strong></span> 
     </span>
     <span class='ocr_line' id='line_1_17' title="bbox 340 2368 1292 2455; baseline 0.002 -23"><span class='ocrx_word' id='word_1_105' title='bbox 340 2369 484 2434; x_wconf 90' lang='lat' dir='ltr'><strong>involvit.</strong></span> <span class='ocrx_word' id='word_1_106' title='bbox 520 2372 693 2454; x_wconf 87' lang='lat' dir='ltr'><strong>Augustus</strong></span> <span class='ocrx_word' id='word_1_107' title='bbox 708 2372 816 2436; x_wconf 82' lang='lat' dir='ltr'><strong>Caesar</strong></span> <span class='ocrx_word' id='word_1_108' title='bbox 830 2393 933 2455; x_wconf 92' lang='lat' dir='ltr'><strong>quum</strong></span> <span class='ocrx_word' id='word_1_109' title='bbox 948 2368 1102 2433; x_wconf 83' lang='lat' dir='ltr'><strong>adversus</strong></span> <span class='ocrx_word' id='word_1_110' title='bbox 1116 2373 1292 2437; x_wconf 82' lang='lat' dir='ltr'><strong>Antonium</strong></span> 
     </span>
     <span class='ocr_line' id='line_1_18' title="bbox 338 2468 1292 2558; baseline 0.005 -26"><span class='ocrx_word' id='word_1_111' title='bbox 338 2468 547 2536; x_wconf 84' lang='lat' dir='ltr'><strong>dimicaturus</strong></span> <span class='ocrx_word' id='word_1_112' title='bbox 556 2489 650 2547; x_wconf 86' lang='lat' dir='ltr'><strong>esset,</strong></span> <span class='ocrx_word' id='word_1_113' title='bbox 662 2471 854 2556; x_wconf 85' lang='lat' dir='ltr'><strong>aegritudine</strong></span> <span class='ocrx_word' id='word_1_114' title='bbox 863 2471 954 2553; x_wconf 79' lang='lat' dir='ltr'><strong>gravi</strong></span> <span class='ocrx_word' id='word_1_115' title='bbox 969 2470 1128 2548; x_wconf 88' lang='lat' dir='ltr'><strong>laborans,</strong></span> <span class='ocrx_word' id='word_1_116' title='bbox 1138 2472 1173 2535; x_wconf 93' lang='lat' dir='ltr'><strong>in</strong></span> <span class='ocrx_word' id='word_1_117' title='bbox 1183 2473 1292 2558; x_wconf 88' lang='lat' dir='ltr'><strong>quiete</strong></span> 
     </span>
     <span class='ocr_line' id='line_1_19' title="bbox 339 2571 1293 2659; baseline 0.002 -23"><span class='ocrx_word' id='word_1_118' title='bbox 339 2571 525 2636; x_wconf 81' lang='lat' dir='ltr'><strong>mandatum</strong></span> <span class='ocrx_word' id='word_1_119' title='bbox 547 2573 681 2659; x_wconf 89' lang='lat' dir='ltr'><strong>accepit,</strong></span> <span class='ocrx_word' id='word_1_120' title='bbox 703 2587 739 2637; x_wconf 90' lang='lat' dir='ltr'><strong>ut</strong></span> <span class='ocrx_word' id='word_1_121' title='bbox 761 2573 802 2636; x_wconf 89' lang='lat' dir='ltr'><strong>ad</strong></span> <span class='ocrx_word' id='word_1_122' title='bbox 824 2573 989 2637; x_wconf 86' lang='lat' dir='ltr'><strong>victoriam</strong></span> <span class='ocrx_word' id='word_1_123' title='bbox 1011 2575 1217 2657; x_wconf 83' lang='lat' dir='ltr'><strong>consequenti</strong></span> <span class='ocrx_word' id='word_1_124' title='bbox 1239 2575 1293 2638; x_wconf 91' lang='lat' dir='ltr'><strong>die</strong></span> 
     </span>
     <span class='ocr_line' id='line_1_20' title="bbox 339 2672 1293 2760; baseline 0.002 -23"><span class='ocrx_word' id='word_1_125' title='bbox 339 2672 450 2760; x_wconf 71' lang='lat' dir='ltr'><strong>praelio</strong></span> <span class='ocrx_word' id='word_1_126' title='bbox 468 2675 644 2739; x_wconf 86' lang='lat' dir='ltr'><strong>interesset.</strong></span> <span class='ocrx_word' id='word_1_127' title='bbox 689 2674 802 2737; x_wconf 88' lang='lat' dir='ltr'><strong>Paruit</strong></span> <span class='ocrx_word' id='word_1_128' title='bbox 820 2675 932 2758; x_wconf 86' lang='lat' dir='ltr'><strong>itaque</strong></span> <span class='ocrx_word' id='word_1_129' title='bbox 953 2673 1065 2736; x_wconf 85' lang='lat' dir='ltr'><strong>lectica</strong></span> <span class='ocrx_word' id='word_1_130' title='bbox 1086 2673 1239 2738; x_wconf 84' lang='lat' dir='ltr'><strong>derectus</strong></span> <span class='ocrx_word' id='word_1_131' title='bbox 1258 2676 1293 2739; x_wconf 91' lang='lat' dir='ltr'><strong>in</strong></span> 
     </span>
     <span class='ocr_line' id='line_1_21' title="bbox 338 2773 1294 2862; baseline 0.003 -23"><span class='ocrx_word' id='word_1_132' title='bbox 338 2775 501 2862; x_wconf 88' lang='lat' dir='ltr'><strong>proelium,</strong></span> <span class='ocrx_word' id='word_1_133' title='bbox 517 2789 549 2839; x_wconf 90' lang='lat' dir='ltr'><strong>et</strong></span> <span class='ocrx_word' id='word_1_134' title='bbox 565 2777 650 2840; x_wconf 86' lang='lat' dir='ltr'><strong>vicit.</strong></span> <span class='ocrx_word' id='word_1_135' title='bbox 697 2776 841 2838; x_wconf 83' lang='lat' dir='ltr'><strong>Socrates</strong></span> <span class='ocrx_word' id='word_1_136' title='bbox 856 2775 918 2840; x_wconf 90' lang='lat' dir='ltr'><strong>sibi</strong></span> <span class='ocrx_word' id='word_1_137' title='bbox 936 2797 977 2838; x_wconf 86' lang='lat' dir='ltr'><strong>ex</strong></span> <span class='ocrx_word' id='word_1_138' title='bbox 991 2797 1047 2837; x_wconf 92' lang='lat' dir='ltr'><strong>ara</strong></span> <span class='ocrx_word' id='word_1_139' title='bbox 1060 2773 1205 2852; x_wconf 86' lang='lat' dir='ltr'><strong>Veneria,</strong></span> <span class='ocrx_word' id='word_1_140' title='bbox 1220 2801 1294 2862; x_wconf 80' lang='lat' dir='ltr'><strong>quae</strong></span> 
     </span>
     <span class='ocr_line' id='line_1_22' title="bbox 339 2875 1293 2964; baseline 0.001 -22"><span class='ocrx_word' id='word_1_141' title='bbox 339 2875 521 2943; x_wconf 71' lang='lat' dir='ltr'><strong>Academiae</strong></span> <span class='ocrx_word' id='word_1_142' title='bbox 531 2876 701 2958; x_wconf 87' lang='lat' dir='ltr'><strong>erat‚vidit</strong></span> <span class='ocrx_word' id='word_1_143' title='bbox 712 2877 818 2940; x_wconf 88' lang='lat' dir='ltr'><strong>offerri</strong></span> <span class='ocrx_word' id='word_1_144' title='bbox 828 2899 968 2964; x_wconf 86' lang='lat' dir='ltr'><strong>cygnum</strong></span> <span class='ocrx_word' id='word_1_145' title='bbox 978 2875 1094 2940; x_wconf 90' lang='lat' dir='ltr'><strong>collum</strong></span> <span class='ocrx_word' id='word_1_146' title='bbox 1103 2878 1293 2943; x_wconf 88' lang='lat' dir='ltr'><strong>inserentem</strong></span> 
     </span>
     <span class='ocr_line' id='line_1_23' title="bbox 338 2979 1293 3065; baseline 0.002 -21"><span class='ocrx_word' id='word_1_147' title='bbox 338 2980 430 3055; x_wconf 86' lang='lat' dir='ltr'><strong>coelo,</strong></span> <span class='ocrx_word' id='word_1_148' title='bbox 447 2993 550 3044; x_wconf 88' lang='lat' dir='ltr'><strong>rostro</strong></span> <span class='ocrx_word' id='word_1_149' title='bbox 570 2992 749 3065; x_wconf 88' lang='lat' dir='ltr'><strong>tangentem</strong></span> <span class='ocrx_word' id='word_1_150' title='bbox 771 2979 885 3056; x_wconf 87' lang='lat' dir='ltr'><strong>sidera,</strong></span> <span class='ocrx_word' id='word_1_151' title='bbox 900 2982 1061 3064; x_wconf 85' lang='lat' dir='ltr'><strong>regionem</strong></span> <span class='ocrx_word' id='word_1_152' title='bbox 1081 3002 1157 3064; x_wconf 84' lang='lat' dir='ltr'><strong>qoae</strong></span> <span class='ocrx_word' id='word_1_153' title='bbox 1170 2981 1293 3065; x_wconf 80' lang='lat' dir='ltr'><strong>Aplane</strong></span> 
     </span>
     <span class='ocr_line' id='line_1_24' title="bbox 338 3078 1292 3167; baseline 0.002 -23"><span class='ocrx_word' id='word_1_154' title='bbox 338 3079 466 3162; x_wconf 88' lang='lat' dir='ltr'><strong>dicitur,</strong></span> <span class='ocrx_word' id='word_1_155' title='bbox 481 3093 710 3166; x_wconf 85' lang='lat' dir='ltr'><strong>penetrantem,</strong></span> <span class='ocrx_word' id='word_1_156' title='bbox 727 3094 759 3144; x_wconf 91' lang='lat' dir='ltr'><strong>et</strong></span> <span class='ocrx_word' id='word_1_157' title='bbox 778 3078 1050 3144; x_wconf 87' lang='lat' dir='ltr'><strong>transcendentem</strong></span> <span class='ocrx_word' id='word_1_158' title='bbox 1065 3097 1292 3167; x_wconf 84' lang='lat' dir='ltr'><strong>aspectusom·</strong></span> 
     </span>
     <span class='ocr_line' id='line_1_25' title="bbox 338 3181 1291 3263; baseline 0.002 -18"><span class='ocrx_word' id='word_1_159' title='bbox 338 3181 438 3263; x_wconf 85' lang='lat' dir='ltr'><strong>nium,</strong></span> <span class='ocrx_word' id='word_1_160' title='bbox 458 3197 490 3248; x_wconf 86' lang='lat' dir='ltr'><strong>et</strong></span> <span class='ocrx_word' id='word_1_161' title='bbox 514 3195 603 3247; x_wconf 88' lang='lat' dir='ltr'><strong>tanta</strong></span> <span class='ocrx_word' id='word_1_162' title='bbox 624 3183 711 3246; x_wconf 87' lang='lat' dir='ltr'><strong>vocis</strong></span> <span class='ocrx_word' id='word_1_163' title='bbox 733 3183 905 3245; x_wconf 90' lang='lat' dir='ltr'><strong>sonoritate</strong></span> <span class='ocrx_word' id='word_1_164' title='bbox 926 3192 959 3245; x_wconf 90' lang='lat' dir='ltr'><strong>et</strong></span> <span class='ocrx_word' id='word_1_165' title='bbox 979 3181 1093 3246; x_wconf 80' lang='lat' dir='ltr'><strong>laetitia</strong></span> <span class='ocrx_word' id='word_1_166' title='bbox 1113 3197 1291 3261; x_wconf 89' lang='lat' dir='ltr'><strong>canentem,</strong></span> 
     </span>
     <span class='ocr_line' id='line_1_26' title="bbox 339 3279 1291 3368; baseline 0.003 -20"><span class='ocrx_word' id='word_1_167' title='bbox 339 3299 375 3349; x_wconf 90' lang='lat' dir='ltr'><strong>ut</strong></span> <span class='ocrx_word' id='word_1_168' title='bbox 391 3279 496 3351; x_wconf 88' lang='lat' dir='ltr'><strong>totum</strong></span> <span class='ocrx_word' id='word_1_169' title='bbox 513 3283 665 3348; x_wconf 90' lang='lat' dir='ltr'><strong>mulceret</strong></span> <span class='ocrx_word' id='word_1_170' title='bbox 680 3285 799 3348; x_wconf 91' lang='lat' dir='ltr'><strong>orbem.</strong></span> <span class='ocrx_word' id='word_1_171' title='bbox 839 3284 992 3368; x_wconf 87' lang='lat' dir='ltr'><strong>Sequenti</strong></span> <span class='ocrx_word' id='word_1_172' title='bbox 1007 3284 1060 3347; x_wconf 94' lang='lat' dir='ltr'><strong>die</strong></span> <span class='ocrx_word' id='word_1_173' title='bbox 1075 3285 1236 3349; x_wconf 85' lang='lat' dir='ltr'><strong>Aristides</strong></span> <span class='ocrx_word' id='word_1_174' title='bbox 1249 3287 1291 3351; x_wconf 86' lang='lat' dir='ltr'><strong>ab</strong></span> 
     </span>
     <span class='ocr_line' id='line_1_27' title="bbox 338 3385 1291 3474; baseline -0.001 -22"><span class='ocrx_word' id='word_1_175' title='bbox 338 3387 508 3452; x_wconf 77' lang='lat' dir='ltr'><strong>Academia</strong></span> <span class='ocrx_word' id='word_1_176' title='bbox 528 3386 698 3474; x_wconf 89' lang='lat' dir='ltr'><strong>parvulum</strong></span> <span class='ocrx_word' id='word_1_177' title='bbox 719 3385 821 3449; x_wconf 88' lang='lat' dir='ltr'><strong>filium</strong></span> <span class='ocrx_word' id='word_1_178' title='bbox 838 3385 1004 3449; x_wconf 89' lang='lat' dir='ltr'><strong>Platonem</strong></span> <span class='ocrx_word' id='word_1_179' title='bbox 1019 3387 1144 3451; x_wconf 88' lang='lat' dir='ltr'><strong>Socrati</strong></span> <span class='ocrx_word' id='word_1_180' title='bbox 1160 3386 1291 3464; x_wconf 90' lang='lat' dir='ltr'><strong>obtulit,</strong></span> 
     </span>
     <span class='ocr_line' id='line_1_28' title="bbox 339 3485 1292 3568; baseline 0 -16"><span class='ocrx_word' id='word_1_181' title='bbox 339 3487 452 3554; x_wconf 89' lang='lat' dir='ltr'><strong>litteris</strong></span> <span class='ocrx_word' id='word_1_182' title='bbox 477 3502 508 3554; x_wconf 91' lang='lat' dir='ltr'><strong>et</strong></span> <span class='ocrx_word' id='word_1_183' title='bbox 538 3489 680 3554; x_wconf 89' lang='lat' dir='ltr'><strong>moribus</strong></span> <span class='ocrx_word' id='word_1_184' title='bbox 705 3487 924 3552; x_wconf 90' lang='lat' dir='ltr'><strong>imbuendum.</strong></span> <span class='ocrx_word' id='word_1_185' title='bbox 970 3490 1045 3562; x_wconf 89' lang='lat' dir='ltr'><strong>Quo</strong></span> <span class='ocrx_word' id='word_1_186' title='bbox 1073 3485 1153 3568; x_wconf 85' lang='lat' dir='ltr'><strong>viso,</strong></span> <span class='ocrx_word' id='word_1_187' title='bbox 1177 3489 1292 3552; x_wconf 89' lang='lat' dir='ltr'><strong>mentis</strong></span> 
     </span>
     <span class='ocr_line' id='line_1_29' title="bbox 339 3588 1291 3677; baseline 0.004 -25"><span class='ocrx_word' id='word_1_188' title='bbox 339 3589 460 3656; x_wconf 78' lang='lat' dir='ltr'><strong>viribus</strong></span> <span class='ocrx_word' id='word_1_189' title='bbox 484 3615 523 3654; x_wconf 86' lang='lat' dir='ltr'><strong>ex</strong></span> <span class='ocrx_word' id='word_1_190' title='bbox 546 3591 688 3677; x_wconf 89' lang='lat' dir='ltr'><strong>corporis</strong></span> <span class='ocrx_word' id='word_1_191' title='bbox 713 3589 921 3677; x_wconf 91' lang='lat' dir='ltr'><strong>dispositione</strong></span> <span class='ocrx_word' id='word_1_192' title='bbox 948 3588 1122 3676; x_wconf 88' lang='lat' dir='ltr'><strong>conceptis,</strong></span> <span class='ocrx_word' id='word_1_193' title='bbox 1145 3591 1211 3655; x_wconf 89' lang='lat' dir='ltr'><strong>Hic</strong></span> <span class='ocrx_word' id='word_1_194' title='bbox 1231 3608 1291 3672; x_wconf 87' lang='lat' dir='ltr'><strong>est,</strong></span> 
     </span>
     <span class='ocr_line' id='line_1_30' title="bbox 337 3690 1292 3784; baseline 0.003 -29"><span class='ocrx_word' id='word_1_195' title='bbox 337 3692 455 3778; x_wconf 91' lang='lat' dir='ltr'><strong>inquit,</strong></span> <span class='ocrx_word' id='word_1_196' title='bbox 464 3715 597 3778; x_wconf 85' lang='lat' dir='ltr'><strong>cygnus,</strong></span> <span class='ocrx_word' id='word_1_197' title='bbox 605 3715 701 3779; x_wconf 89' lang='lat' dir='ltr'><strong>quem</strong></span> <span class='ocrx_word' id='word_1_198' title='bbox 709 3706 816 3756; x_wconf 91' lang='lat' dir='ltr'><strong>nostro</strong></span> <span class='ocrx_word' id='word_1_199' title='bbox 825 3690 967 3778; x_wconf 84' lang='lat' dir='ltr'><strong>Apollini</strong></span> <span class='ocrx_word' id='word_1_200' title='bbox 976 3695 1086 3757; x_wconf 90' lang='lat' dir='ltr'><strong>Venus</strong></span> <span class='ocrx_word' id='word_1_201' title='bbox 1094 3692 1292 3784; x_wconf 83' lang='lat' dir='ltr'><strong>Academica</strong></span> 
     </span>
     <span class='ocr_line' id='line_1_31' title="bbox 337 3794 1292 3880; baseline 0 -22"><span class='ocrx_word' id='word_1_202' title='bbox 337 3795 541 3860; x_wconf 87' lang='lat' dir='ltr'><strong>consecravit.</strong></span> <span class='ocrx_word' id='word_1_203' title='bbox 586 3795 679 3860; x_wconf 90' lang='lat' dir='ltr'><strong>Plato</strong></span> <span class='ocrx_word' id='word_1_204' title='bbox 704 3794 894 3874; x_wconf 89' lang='lat' dir='ltr'><strong>litterarum,</strong></span> <span class='ocrx_word' id='word_1_205' title='bbox 920 3816 1002 3879; x_wconf 91' lang='lat' dir='ltr'><strong>quas</strong></span> <span class='ocrx_word' id='word_1_206' title='bbox 1028 3795 1292 3880; x_wconf 87' lang='lat' dir='ltr'><strong>persequebatur,</strong></span> 
     </span>
     <span class='ocr_line' id='line_1_32' title="bbox 337 3895 1291 3983; baseline 0 -23"><span class='ocrx_word' id='word_1_207' title='bbox 337 3919 433 3961; x_wconf 87' lang='lat' dir='ltr'><strong>causa</strong></span> <span class='ocrx_word' id='word_1_208' title='bbox 447 3897 647 3983; x_wconf 86' lang='lat' dir='ltr'><strong>proficiscens</strong></span> <span class='ocrx_word' id='word_1_209' title='bbox 661 3897 693 3960; x_wconf 90' lang='lat' dir='ltr'><strong>in</strong></span> <span class='ocrx_word' id='word_1_210' title='bbox 710 3899 904 3982; x_wconf 82' lang='lat' dir='ltr'><strong>AEgyptum‚</strong></span> <span class='ocrx_word' id='word_1_211' title='bbox 915 3919 950 3960; x_wconf 88' lang='lat' dir='ltr'><strong>se</strong></span> <span class='ocrx_word' id='word_1_212' title='bbox 964 3919 984 3958; x_wconf 93' lang='lat' dir='ltr'><strong>a</strong></span> <span class='ocrx_word' id='word_1_213' title='bbox 998 3895 1111 3979; x_wconf 86' lang='lat' dir='ltr'><strong>piratis</strong></span> <span class='ocrx_word' id='word_1_214' title='bbox 1120 3897 1192 3981; x_wconf 91' lang='lat' dir='ltr'><strong>capi</strong></span> <span class='ocrx_word' id='word_1_215' title='bbox 1206 3896 1291 3960; x_wconf 91' lang='lat' dir='ltr'><strong>inter</strong></span> 
     </span>
     <span class='ocr_line' id='line_1_33' title="bbox 336 3997 1290 4076; baseline 0.002 -15"><span class='ocrx_word' id='word_1_216' title='bbox 336 3997 477 4062; x_wconf 89' lang='lat' dir='ltr'><strong>eundum</strong></span> <span class='ocrx_word' id='word_1_217' title='bbox 508 4015 539 4064; x_wconf 89' lang='lat' dir='ltr'><strong>et</strong></span> <span class='ocrx_word' id='word_1_218' title='bbox 570 3999 746 4064; x_wconf 88' lang='lat' dir='ltr'><strong>venundari</strong></span> <span class='ocrx_word' id='word_1_219' title='bbox 777 3998 870 4064; x_wconf 82' lang='lat' dir='ltr'><strong>vidit.</strong></span> <span class='ocrx_word' id='word_1_220' title='bbox 922 3997 1019 4072; x_wconf 90' lang='lat' dir='ltr'><strong>Quod</strong></span> <span class='ocrx_word' id='word_1_221' title='bbox 1048 4010 1081 4061; x_wconf 92' lang='lat' dir='ltr'><strong>et</strong></span> <span class='ocrx_word' id='word_1_222' title='bbox 1110 3997 1188 4061; x_wconf 93' lang='lat' dir='ltr'><strong>dum</strong></span> <span class='ocrx_word' id='word_1_223' title='bbox 1218 3997 1290 4076; x_wconf 86' lang='lat' dir='ltr'><strong>iret,</strong></span> 
     </span>
     <span class='ocr_line' id='line_1_34' title="bbox 338 4101 480 4186; baseline 0 -22"><span class='ocrx_word' id='word_1_224' title='bbox 338 4101 480 4186; x_wconf 78' lang='lat' dir='ltr'><strong>contigit.</strong></span> 
     </span>
    </p>
   </div>
   <div class='ocr_carea' id='block_1_3' title="bbox 0 0 1718 5367">
    <p class='ocr_par' dir='ltr' id='par_1_3' title="bbox 0 0 1718 5367">
     <span class='ocr_line' id='line_1_35' title="bbox 0 0 1718 5367; baseline 0 1"><span class='ocrx_word' id='word_1_225' title='bbox 0 0 1718 5367; x_wconf 95' lang='lat' dir='ltr'><strong> </strong></span> 
     </span>
    </p>
   </div>
  </div>
 </body>
</html>
