3425 5367
457 702 520 762 '258
723 710 861 756 sosuurs
878 705 1158 753 sanescuntuusrs
1270 688 1354 764 [mu.
1380 705 1423 748 ιν.

467 1015 545 1098 Cap.
561 1015 610 1073 ln.
625 1009 682 1073 Etr
692 1010 807 1090 utribus
821 1010 930 1071 causis
945 1011 1191 1092 trunsflrrantur
1203 1007 1422 1090 principatus,

867 1119 897 1172 et
914 1129 1027 1190 regna.

507 1277 668 1340 Carnunti
683 1282 731 1335 cst
745 1268 827 1332 ittud
848 1269 1031 1355 Sapientiae,
1046 1267 1123 1356 quin
1141 1290 1275 1356 regnum
1291 1295 1310 1335 a
1325 1285 1421 1358 gente

466 1374 498 1440 in
514 1386 641 1460 gentem
653 1371 844 1436 transfertur
854 1383 986 1457 propter
997 1371 1183 1457 injustitias,
1192 1386 1224 1438 et
1239 1374 1282 1460 inj
1288 1374 1381 1454 urias,
1390 1387 1422 1439 et

465 1472 681 1548 contumelias,
704 1484 737 1537 et
763 1470 904 1536 diversos
930 1472 1030 1538 dolos.
1076 1470 1190 1538 Nonne
1213 1474 1300 1539 vides
1323 1493 1421 1562 quem

467 1577 558 1642 brevi
583 1574 771 1640 subversum
801 1574 844 1639 sit
870 1572 985 1638 solium
1013 1575 1108 1662 primi
1134 1576 1220 1663 regis
1243 1578 1276 1642 in
1303 1577 1423 1664 populo

469 1679 552 1744 Dei?
584 1677 659 1742 Saul
674 1689 705 1741 et
721 1677 880 1741 Jonathas
894 1699 968 1741 cum
983 1677 1105 1744 cacteris
1120 1672 1205 1757 filiis,
1220 1676 1422 1764 exigentibus

425 1845 429 1852 ,
469 1781 581 1868 culpis,
606 1780 640 1843 in
669 1779 835 1844 montibus
864 1791 1065 1854 corruerunt,
1095 1792 1131 1843 ut
1162 1779 1296 1846 thronus
1324 1781 1423 1860 illius,

470 1882 577 1968 quide
588 1892 660 1966 post
675 1879 826 1944 t'oetantes
844 1879 963 1945 electus
981 1893 1040 1960 est,
1054 1881 1243 1946 firmaretur.
1275 1882 1426 1946 Omnium

468 1982 672 2048 historiarum
699 2000 849 2063 percurre
875 1981 999 2058 seriem,
1021 1993 1053 2048 ct
1078 2002 1189 2066 regum
1215 1981 1425 2046 successiones

470 2084 505 2148 in
529 2082 620 2147 brevi
640 2081 775 2156 videbis,
798 2095 831 2145 et
853 2083 946 2167 quasi
970 2083 1002 2145 in
1026 2082 1160 2146 exordio¹
1181 2083 1263 2163 telae,
1286 2083 1425 2147 Domino

470 2182 676 2268 praecidente,
690 2181 837 2246 succisas.
881 2185 927 2246 Et
943 2205 1009 2267 quo
1027 2205 1120 2267 reges
1134 2183 1254 2248 fuerint
1268 2183 1426 2266 clariores,

472 2309 511 2349 eo
524 2284 630 2358 citius,
646 2283 672 2346 si
688 2283 840 2347 adversus
861 2286 966 2347 Deum
985 2284 1207 2360 intumuerint,
1222 2286 1426 2350 romulea-tur

472 2408 577 2452 nmen
592 2407 712 2450 eorum.
758 2388 831 2449 Nou
851 2397 901 2449 est
921 2385 1086 2471 sapientia,
1100 2407 1164 2448 non
1183 2399 1231 2450 ert
1246 2387 1426 2470 prudentia,

471 2508 536 2553 non
557 2500 604 2552 est
626 2488 793 2552 consilium
815 2500 929 2552 contra
948 2485 1135 2565 Dominum,
1151 2501 1235 2553 certe
1257 2511 1315 2552 nec
1336 2487 1426 2554 forti·

472 2591 563 2656 tudo.
608 2593 646 2657 Si
658 2589 712 2654 ille
732 2589 881 2675 insurgit,
898 2589 923 2654 si
944 2589 1159 2675 persequitur,
1174 2591 1216 2654 ad
1232 2591 1428 2656 emendicata

473 2706 741 2758 sacramentorum
756 2692 922 2778 suffragia,
938 2703 970 2755 et
993 2691 1035 2754 ad
1049 2692 1198 2777 praesidia
1212 2695 1425 2758 munitionum

473 2796 595 2862 frustra
614 2795 806 2874 decurritur,
825 2795 903 2880 quia
921 2815 983 2858 non
1005 2806 1064 2876 est,
1086 2795 1142 2880 qui
1164 2794 1206 2858 de
1227 2813 1323 2860 mann
1341 2796 1427 2861 illias

473 2902 574 2984 possit
588 2919 706 2962 eruere.
752 2897 832 2972 Quis
846 2895 1031 2960 Alexandro
1046 2896 1146 2980 major
1161 2895 1193 2958 in
1207 2897 1354 2962 Graecia?
1382 2902 1427 2962 Et

475 3013 581 3064 tamen
605 3021 668 3061 non
692 3021 768 3061 suus
791 2996 910 3082 legitur
934 2997 1126 3079 successisse,
1151 2999 1204 3062 sed
1229 3001 1315 3066 filius
1336 3002 1430 3065 salta·

475 3100 571 3164 tricis.
616 3102 696 3173 Quis
718 3103 875 3164 Caesarem
896 3099 1012 3164 domus
1035 3099 1147 3164 seriem
1163 3101 1284 3166 nescit?
1322 3104 1428 3168 Rarus

475 3221 597 3283 eorum,
617 3214 674 3266 aut
695 3201 806 3266 nullus
825 3201 929 3266 filium
946 3202 1077 3289 reliquit
1097 3203 1255 3286 heredem,
1269 3219 1302 3270 ct
1320 3221 1428 3270 omnes

474 3305 508 3369 in
523 3304 615 3370 brevi
633 3317 705 3391 post
720 3303 807 3368 varia
827 3301 980 3391 pericula,
999 3320 1031 3370 et
1054 3306 1157 3371 candes
1176 3308 1237 3383 sui,
1252 3320 1284 3372 et
1300 3329 1428 3372 suorum

475 3406 633 3493 plurimas
645 3407 779 3470 diversis
793 3407 962 3487 mortibus,
973 3422 1006 3473 et
1021 3409 1089 3473 fere
1101 3407 1326 3494 ignominiosis,
1337 3410 1427 3494 quasi

475 3505 511 3568 in
530 3520 690 3571 momento
711 3506 808 3568 deleti
831 3525 917 3584 sunt,
940 3521 972 3571 et
992 3509 1216 3572 descendentes
1229 3507 1277 3572 ed
1300 3507 1428 3586 imerus,

477 3625 670 3666 successores
689 3603 870 3666 habuerunt
891 3619 946 3669 aut
968 3607 1078 3672 hostes
1096 3623 1152 3676 aut
1174 3609 1317 3696 ignotos:
1343 3609 1429 3686 Quid

476 3706 607 3769 obsecro
632 3717 698 3768 tem
727 3705 871 3787 potentia
897 3728 1006 3790 regne,
1031 3725 1095 3775 tam
1121 3715 1185 3778 cito
1212 3715 1367 3780 snbvertit
1397 3727 1429 3778 et

477 3805 665 3888 transtulit?
703 3807 798 3871 Certe
817 3803 995 3891 indignatio
1016 3813 1089 3888 Dei,
1104 3835 1201 3897 quam
1222 3817 1254 3878 in
1277 3839 1309 3878 se
1325 3814 1430 3878 multi-

477 3908 553 3995 plex
575 3906 734 3994 injustitia
759 3909 964 3992 provocabat.
1019 3915 1079 3976 Est
1106 3926 1213 3978 autem
1239 3916 1286 3992 (ut
1315 3915 1429 3980 Stoicis

477 4011 598 4096 placet)
614 4009 771 4095 injustitia
791 4011 905 4075 mentis
924 4012 1064 4094 habitus,
1079 4037 1152 4100 quae
1175 4038 1194 4079 a
1214 4016 1342 4102 regione
1363 4040 1432 4082 mo-

478 4133 550 4174 rum
570 4109 760 4174 exterminat
781 4111 975 4196 aequitatem.
1030 4115 1180 4179 Animam
1207 4139 1345 4204 namque
1369 4119 1431 4205 pri-

479 4235 553 4276 vare
563 4209 704 4298 justitia,
716 4213 767 4275 vel
782 4236 820 4276 ex
837 4214 996 4300 privativa
1011 4219 1168 4303 particula
1179 4220 1313 4284 nominis
1328 4221 1430 4286 decla-

479 4326 579 4378 ratur.
626 4313 665 4375 In
688 4335 725 4375 eo
745 4326 850 4377 autem
874 4317 1009 4382 maxime
1027 4319 1156 4404 justitia
1176 4336 1312 4401 constat,
1328 4326 1354 4388 si
1369 4345 1431 4388 non
