3425 5367
445 702 509 761 296
705 712 839 757 ioannis
855 707 1134 754 sannsennrnnsrs
1266 688 1349 761 [cra.
1367 704 1396 745 v.

450 976 528 1059 Cap.
544 978 576 1036 9.
600 976 653 1038 De
666 976 717 1039 hie
727 976 784 1055 qni
798 974 834 1035 in
849 972 1010 1053 republica
1022 970 1163 1032 obtinent
1174 972 1276 1033 locum
1289 971 1401 1043 cordis,

491 1085 522 1140 et
536 1077 621 1158 quod
633 1076 741 1156 iniqui
761 1074 893 1136 arcendi
912 1078 992 1134 sunt
1006 1093 1025 1132 o
1041 1072 1183 1133 consiliis
1194 1078 1400 1152 potestatum,

491 1187 522 1242 et
536 1180 575 1241 de
589 1180 699 1240 timore
713 1176 789 1251 Dei,
804 1182 836 1237 et
849 1176 1022 1255 snpientia,
1038 1180 1069 1235 ct
1084 1173 1298 1253 Phihsopltin.

494 1338 625 1401 Connus
639 1334 757 1409 locum,
774 1345 902 1396 auctore
921 1330 1102 1411 Plutarcho,
1116 1331 1253 1395 Senatus
1267 1332 1399 1399 obtinet.

453 1440 589 1502 Senatus
610 1457 694 1512 vero,
714 1435 797 1499 sicut
817 1434 991 1519 maj0ribus
1016 1433 1146 1518 placuit,
1167 1434 1260 1497 officii
1285 1458 1399 1499 nomen

449 1554 507 1620 est,
518 1554 551 1604 et
562 1540 660 1604 habet
671 1537 773 1601 aetatis
785 1549 903 1601 notam.
944 1535 1110 1621 Siquidem
1123 1552 1251 1601 senatus
1260 1538 1402 1604 dicitura

451 1655 624 1709 senectute.
671 1640 755 1703 Eum
772 1662 847 1704 vero
864 1638 1076 1703 Athenienses
1093 1640 1297 1724 Areopagum
1316 1642 1403 1707 dice·

453 1748 540 1822 baut,
556 1768 596 1810 eo
611 1744 696 1831 quod
718 1743 751 1806 in
770 1742 834 1807 illis
853 1742 949 1806 totius
969 1742 1078 1827 populi
1094 1742 1192 1806 virtus
1207 1744 1402 1821 consisteret,

452 1862 485 1913 et
499 1871 599 1935 quum
622 1847 664 1911 ab
689 1846 735 1909 eis
757 1846 910 1932 praeclara
932 1844 1069 1930 plurima
1091 1844 1221 1910 inventa
1234 1847 1307 1923 sint,
1325 1848 1404 1912 nihil

451 1951 617 2024 salubrius,
630 1949 709 2013 nihil
719 1948 884 2033 gloriosius
894 1948 1075 2011 institutum
1088 1960 1136 2012 est
1147 1970 1243 2035 quam
1258 1953 1402 2017 Senatus.

454 2053 543 2129 Quid
565 2052 651 2115 enim
677 2049 814 2114 nobilius
835 2061 884 2113 est
908 2061 992 2113 coetu
1015 2072 1140 2129 senum,
1162 2050 1217 2137 qui
1239 2052 1364 2117 emeriti
1386 2078 1406 2118 a

452 2154 634 2239 vulgaribus
663 2151 782 2229 officiis,
806 2152 847 2215 ad
873 2152 995 2216 consilii
1018 2164 1051 2216 et
1075 2152 1237 2237 regiminis
1266 2155 1404 2221 officium

454 2268 630 2333 transeunt,
661 2269 694 2319 et
722 2255 754 2318 in
785 2254 927 2320 marcido
962 2278 1092 2341 corpore
1126 2269 1260 2321 exerunt
1288 2260 1406 2324 mentis

454 2358 559 2425 vires?
586 2359 635 2424 Eo
650 2358 815 2445 sapientiae
830 2358 932 2443 magis
947 2358 1012 2444 apti
1027 2359 1173 2442 negotiis,
1190 2361 1300 2447 quoin
1316 2384 1407 2427 exer·

452 2464 534 2529 citiis
549 2462 687 2549 corporis
708 2462 814 2526 minus
836 2475 975 2547 possunt.
1024 2461 1143 2525 Eorum
1166 2462 1277 2549 utique
1301 2478 1406 2529 tantus

455 2570 555 2630 honor
569 2564 674 2631 extitit
687 2564 773 2651 apud
790 2565 931 2638 Graecos,
948 2576 984 2626 ut
1002 2563 1099 2627 duces
1116 2564 1317 2650 Reipublicae
1333 2590 1406 2632 nus-

454 2690 551 2755 quam
582 2668 800 2753 procederent,
831 2666 911 2729 nihil
941 2666 1104 2749 egregium
1135 2681 1294 2752 ageretur,
1320 2672 1405 2758 quod

454 2796 546 2839 senes
572 2772 707 2837 instituti
730 2795 794 2836 non
820 2771 1019 2846 inducerent,
1046 2784 1102 2834 aut
1125 2775 1348 2858 approbarent,
1375 2791 1408 2840 et

454 2876 541 2963 quod
555 2875 656 2959 magis
670 2886 718 2939 est
731 2875 773 2939 ab
784 2874 875 2938 initio
891 2873 977 2939 urbis
992 2873 1140 2955 couditoe,
1152 2877 1282 2941 nomina
1296 2900 1405 2943 eorum

455 2978 558 3043 aureis
573 2977 672 3042 literis
693 2978 809 3064 scripta
829 2990 914 3044 sunt.
961 2976 1089 3062 Ipsique
1112 2989 1218 3062 patres
1238 2982 1406 3067 conscripti

455 3080 618 3167 appellati,
633 3080 689 3167 qui
703 3080 780 3145 alios
795 3081 961 3166 sapientia,
975 3092 1082 3160 aetate,
1097 3092 1130 3143 et
1144 3080 1260 3146 affectu
1276 3094 1408 3167 paterno

456 3183 691 3270 praecedebant.
723 3182 827 3247 Penes
839 3184 914 3247 istos
925 3182 1127 3247 consiliorum
1144 3196 1213 3248 erat
1227 3187 1407 3263 auctoritas,

457 3298 490 3351 et
504 3286 647 3351 omnium
670 3285 798 3372 publice
817 3285 1040 3369 gerendorum.
1087 3288 1250 3352 Caeterum
1270 3288 1345 3352 licet
1365 3290 1407 3354 ab

457 3401 552 3455 aetate
571 3389 708 3454 nominis
722 3389 868 3453 videatur
890 3411 957 3453 esse
978 3389 1075 3473 origo,
1092 3390 1175 3455 hanc
1194 3414 1253 3475 ego
1274 3392 1409 3457 arbitror

456 3507 522 3557 tam
537 3494 676 3577 corporis
686 3515 754 3557 esse
768 3514 865 3579 quam
882 3490 1007 3556 mentis.
1038 3490 1132 3557 AEtas
1142 3514 1280 3581 namque
1292 3494 1410 3559 mentis

457 3595 613 3679 sapientia
641 3604 699 3670 est,
728 3594 761 3656 in
791 3616 855 3679 qua
890 3593 1033 3657 omnium
1063 3594 1236 3661 officiorum
1267 3596 1411 3663 consistit

456 3696 648 3773 distributio,
671 3707 705 3760 et
729 3694 899 3759 artificium
925 3696 1022 3761 totius
1047 3698 1132 3763 vitae.
1180 3702 1242 3765 Ars
1270 3723 1408 3787 namque

458 3815 544 3865 recte
560 3798 687 3864 vivendi
703 3803 751 3881 (ut
768 3798 882 3864 Stoicis
897 3799 1012 3885 placet)
1029 3822 1079 3864 ars
1094 3800 1209 3865 artium
1225 3815 1282 3867 est.
1330 3803 1411 3867 Nul-

458 3904 522 3966 lam
546 3924 622 3967 vero
650 3924 718 3967 esse
747 3913 849 3966 artem
874 3902 1084 3967 maximarum
1110 3926 1227 3979 rerum,
1253 3928 1352 3989 quum
1376 3907 1409 3969 in

459 4004 598 4068 minimis
613 4027 740 4091 quoque
756 4016 856 4068 artem
879 4028 947 4070 esse
967 4005 1073 4071 nullus
1090 4006 1223 4089 ignoret,
1240 4006 1347 4090 opinio
1362 4020 1411 4071 est

456 4107 622 4170 hominum
644 4128 756 4190 parum
776 4108 972 4173 considerate
993 4108 1203 4195 loquentium,
1220 4122 1253 4173 et
1272 4109 1306 4172 iu
1321 4132 1411 4174 rnax-

458 4208 530 4272 imis
548 4208 644 4271 rebus
666 4208 851 4289 errantium,
867 4211 975 4275 omnia
996 4210 1096 4296 magis
1119 4234 1176 4296 pro
1199 4212 1290 4277 libito
1312 4226 1413 4278 statu-

457 4310 590 4392 entium,
612 4332 707 4397 quam
732 4333 788 4395 pro
808 4313 950 4379 veritate.
999 4314 1055 4379 Est
1076 4328 1195 4396 autem,
1217 4327 1252 4380 ut
1274 4315 1411 4401 antiquis
