3425 5367
442 747 501 806 164
683 757 821 803 somma
838 753 1117 802 sanusasamusrs
1242 738 1325 813 [mn.
1338 755 1392 800 ιιι.

439 919 542 976 mater
552 907 621 975 vitii
635 919 693 986 ast,
704 907 781 995 quia
796 929 961 994 nunquam
976 905 1058 970 adeo
1072 903 1187 971 sterilis
1202 918 1262 981 est,
1278 914 1315 968 ut
1330 926 1395 968 uon

436 1011 604 1078 odibilium
620 1011 758 1076 fructum
774 1007 878 1096 pariat
892 1007 1064 1074 infelicem.
1111 1005 1222 1094 lnquit
1238 1005 1392 1071 Etbicus:

441 1115 494 1180 'l'u
509 1114 590 1180 adeo

857 1229 929 1282 nullo
940 1229 1015 1281 thure
1027 1227 1125 1291 litabis,

543 1319 653 1372 Haereat
663 1317 691 1368 in
702 1314 789 1368 stultis
801 1316 887 1368 brevis
897 1320 928 1367 ut
938 1314 1081 1366 semiuncia
1092 1314 1166 1365 recti.

438 1420 570 1505 Agnitio
589 1418 719 1505 quidem
741 1415 967 1480 certitudinem
983 1415 1091 1492 habet,
1113 1426 1147 1479 et
1169 1414 1220 1479 vel
1240 1415 1273 1478 in
1289 1415 1390 1480 scicn-

436 1521 492 1603 tia,
507 1520 558 1585 vel
573 1519 605 1582 in
629 1517 692 1581 fido
714 1516 868 1580 consistit.
911 1516 977 1582 Sed
998 1515 1074 1580 fidei
1097 1516 1208 1601 regula
1229 1517 1390 1602 paulisper

436 1623 609 1698 differatur,
632 1619 783 1707 quoniam
813 1641 885 1684 eam
908 1630 1045 1704 tempus,
1069 1629 1103 1682 et
1125 1619 1213 1684 locus
1236 1641 1312 1685 suus
1334 1643 1389 1684 ex-

435 1737 552 1813 pectat.
598 1725 760 1789 Caetcrum
776 1721 909 1786 scicntia
920 1721 968 1785 sui
981 1720 1125 1786 notitiam
1138 1721 1246 1787 habet.
1290 1723 1387 1798 Quod

436 1829 564 1893 evenire
594 1849 658 1890 non
682 1836 794 1910 potest,
817 1823 843 1888 si
873 1845 938 1887 non
968 1822 1119 1888 metiatur
1148 1823 1230 1888 viras
1252 1846 1334 1908 suas,
1363 1825 1389 1889 si

438 1930 564 2015 ignorat
577 1928 709 1993 alienas

435 2185 517 2272 'Cap
532 2187 564 2250 2.
590 2187 677 2263 Quid
702 2188 746 2249 sit
764 2185 998 2266 contemplatio
1020 2186 1172 2264 dominis,
1194 2187 1390 2270 sapientiam

477 2289 668 2372 officinalis,
682 2299 714 2353 el
729 2289 801 2370 quis
815 2290 997 2371 sitfroctus
1010 2291 1243 2370 speculationis
1256 2289 1363 2371 lapus.

481 2459 549 2524 Esr
570 2471 645 2544 ergo
666 2457 805 2545 primum
828 2456 966 2521 hominis
989 2457 1177 2543 sapientiam
1201 2458 1386 2535 affectantis,

436 2561 513 2648 quid
528 2559 596 2646 ipse
611 2559 660 2638 sit,
677 2559 754 2646 quid
769 2557 852 2626 intra
867 2581 911 2640 se,
933 2558 1012 2644 quid
1034 2571 1177 2640 extrem,
1200 2559 1277 2647 quid
1296 2559 1390 2641 inira,

435 2663 513 2752 quid
528 2684 632 2749 supra,
648 2662 726 2750 quid
742 2672 862 2737 contra,
879 2661 954 2747 quid
971 2673 1056 2743 ante,
1068 2662 1120 2727 vel
1132 2675 1241 2748 postea
1255 2661 1306 2743 sit,
1314 2661 1390 2726 con-⁴

435 2766 593 2854 templati.
610 2767 692 2832 Inde
705 2776 756 2830 ¹est
770 2763 851 2828 forte
864 2763 950 2852 quod
965 2764 1087 2851 illi‚qui
1097 2765 1199 2851 prima
1208 2765 1303 2829 totius
1318 2763 1389 2850 phi·

434 2869 587 2955 losophiae
610 2868 772 2932 clementa
791 2867 909 2952 posteri
932 2866 1073 2931 stradcre
1095 2877 1295 2947 curaverunt,
1314 2866 1389 2930 sub-

433 2972 582 3036 stantiam
597 2970 794 3054 singulorum
811 2968 955 3033 arbitrati
976 2980 1050 3033 sunt
1073 2968 1271 3046 intuendam,
1289 2991 1390 3056 quan-

433 3074 569 3153 titatem,
578 3071 617 3135 ad
625 3071 756 3156 aliquid,
766 3070 966 3156 qualitatem,
974 3069 1070 3133 situm
1082 3093 1162 3149 esse,
1171 3071 1237 3150 ubi,
1247 3071 1386 3159 quando,

432 3175 562 3249 habero,
578 3173 732 3254 facerc‚ct
743 3172 819 3258 pati,
827 3185 861 3236 et
871 3195 943 3236 suas
952 3171 985 3235 in
994 3171 1144 3236 omnibus
1155 3173 1203 3237 his
1214 3173 1388 3258 proprieta-

432 3287 492 3357 tes,
503 3298 543 3340 an
555 3274 767 3339 intensionem
777 3273 960 3354 admittant,
972 3285 1005 3337 et
1014 3273 1232 3359 susceptibilia
1240 3274 1303 3337 sint
1313 3297 1390 3338 con·

433 3380 612 3456 uariorum,
622 3391 700 3443 etan
709 3379 745 3442 in
755 3379 801 3442 eis
810 3377 885 3464 ipsis
894 3377 1015 3464 aliquid
1023 3377 1201 3440 inveniatur
1209 3375 1390 3443 adversum.

436 3483 572 3548 Provide
595 3482 725 3568 quidem
751 3481 821 3544 baec
844 3494 877 3544 et
899 3480 1080 3563 diligenter,
1098 3476 1157 3540 etsi
1173 3477 1206 3539 in
1230 3499 1269 3541 eo
1285 3479 1390 3563 negli-

432 3586 592 3671 gentiores
607 3583 780 3658 extiterint,
797 3584 883 3668 quod
900 3582 947 3645 sui
970 3580 1068 3665 ipsius
1083 3579 1226 3644 notitiam
1249 3579 1284 3643 in
1299 3592 1389 3645 tauta

432 3709 539 3754 rerum
564 3692 635 3752 luce
663 3707 725 3748 non
749 3683 886 3748 assecuti
911 3697 994 3761 sunt,
1019 3695 1052 3750 et
1066 3684 1145 3749 lucis
1160 3684 1386 3750 inaccessibilis

432 3787 577 3853 notitiam
595 3784 819 3872 perdiderunt,
842 3785 920 3849 dum
945 3796 1145 3850 evanuerunt
1167 3785 1201 3850 in
1224 3786 1388 3871 cogitatio-

431 3891 526 3955 nibus
548 3889 622 3967 suis,
645 3900 678 3952 et
697 3885 841 3952 dicentes
863 3907 897 3951 se
918 3907 987 3951 csse
1010 3887 1179 3974 sapientes,
1203 3887 1291 3952 stulti
1311 3889 1387 3952 facti

431 4004 515 4070 sunt,
531 4004 565 4056 et
578 3991 780 4056 obscuratum
803 4000 852 4054 est
874 3987 1026 4074 insipiens
1048 4011 1243 4056 corsorum.
1289 3990 1388 4065 Quod

431 4119 472 4160 ex
486 4116 525 4158 eo
537 4091 743 4168 convincitur,
754 4092 840 4178 quod
850 4092 959 4156 traditi
970 4091 1003 4154 in
1016 4093 1177 4178 passiones
1188 4091 1383 4177 ignominiae,

430 4198 591 4264 faciebant
600 4219 678 4284 ·quoe
693 4217 753 4260 nec
775 4195 875 4277 sexui,
890 4217 950 4259 nec
966 4195 1065 4272 oetati,
1082 4218 1142 4260 nec
1158 4195 1293 4259 fortunae
1308 4217 1385 4260 con·

430 4301 569 4377 veniant,
586 4321 646 4364 nec
660 4310 794 4376 naturae,
810 4309 843 4363 ct
855 4319 1005 4382 personas
1013 4298 1161 4362 omnium
1173 4297 1277 4382 operis
1292 4297 1382 4361 testi·

429 4405 537 4472 monio
558 4402 780 4468 devenustent.
825 4398 903 4465 Dati
925 4399 1082 4486 siqu-idem
1104 4398 1232 4464 suntin
1255 4421 1381 4464 sensum
