3425 5367
313 717 384 763 cer.
401 700 488 779 x1v.]
681 716 938 763 eotrcaarrcus.
1231 703 1270 760 81

397 793 404 818 .

233 952 236 959 ι
312 867 465 935 Ninivitoe
501 891 629 954 quoque
670 868 833 952 signorum
871 867 1008 943 indiciis,
1045 868 1266 953 poenitentiam

311 980 444 1053 egerunt
467 970 499 1032 in
522 968 751 1055 praedicatione
773 970 879 1032 Jonae.
925 967 1106 1032 Infldelitus
1127 990 1269 1053 namque

310 1070 471 1155 signorum
492 1071 689 1156 argumentis
712 1070 867 1156 exigitur,
882 1085 914 1134 et
930 1070 1010 1133 tides
1025 1083 1133 1135 tenera
1147 1069 1267 1133 eisdem

310 1175 491 1235 roboratur.
530 1171 625 1237 Unde
639 1171 733 1250 illud,
744 1171 838 1245 Quod
856 1175 983 1255 signum
997 1171 1139 1235 ostendis
1154 1171 1266 1235 nobis?

310 1286 341 1335 et
356 1272 468 1337 Judoei
484 1272 574 1358 signa
590 1286 752 1359 quaerunt,
769 1272 878 1337 Graeei
894 1272 1093 1359 sapientiam.

456 1566 536 1651 Cap.
556 1570 604 1629 14.
630 1566 718 1639 Quid
730 1568 872 1645 myrtum,
888 1572 920 1627 et
933 1565 973 1626 de
986 1567 1114 1626 somnio.

355 1724 425 1787 Hrc
448 1745 523 1785 vero
544 1720 772 1808 intelliguntur
795 1721 897 1805 signa,
922 1743 1125 1807 quaecunque
1152 1726 1267 1807 quovis

310 1822 429 1887 indicio
457 1824 596 1889 divinam
622 1824 743 1889 homini
767 1824 907 1888 innuunt
934 1823 1142 1889 voluntatem.
1197 1826 1267 1909 Sig-

308 1946 385 1987 num
409 1923 565 2011 siquidem
589 1936 648 1998 est,
671 1926 759 2010 quod
782 1924 918 2011 seipsum
944 1924 1064 2000 sensui,
1087 1938 1119 1988 et
1145 1939 1264 2011 praeter

309 2048 341 2089 se
364 2025 487 2112 aliquid
517 2026 623 2089 animo
646 2026 795 2091 ostendit.
850 2025 1005 2104 Quaedam
1034 2040 1140 2090 tamen
1172 2029 1264 2113 signa

306 2127 773 2214 sunt,quaenullieorporalium
784 2151 932 2193 sensuum
943 2128 1261 2214 aliquidostendunt,

309 2232 363 2296 sed
378 2231 483 2295 animo
498 2230 720 2316 cujuscunque
739 2231 785 2297 rei
802 2232 905 2317 specie
920 2231 1093 2307 mediante,
1108 2246 1165 2296 aut
1181 2233 1263 2296 eitra

308 2334 403 2398 medii
418 2332 653 2409 difficultatem,
667 2355 778 2397 verum
798 2332 955 2395 falsumve
974 2332 1160 2419 frequenter
1174 2333 1263 2419 inge.

306 2449 391 2501 runt.
441 2436 540 2521 Signa
561 2435 678 2499 etenim
700 2433 863 2498 interdum
885 2457 972 2511 vera,
994 2435 1157 2498 interdum
1180 2434 1262 2498 falsa

306 2550 390 2603 sunt.
435 2538 514 2617 Quis
539 2536 638 2601 nescit
662 2535 855 2600 somniorum
882 2536 988 2598 varias
1012 2558 1080 2599 esse
1103 2536 1260 2620 significa-

305 2641 417 2717 tiones,
433 2662 515 2726 quas
535 2652 567 2703 et
588 2660 666 2701 usus
685 2635 855 2722 approbat,
871 2649 903 2699 et
919 2637 1076 2721 majorum
1091 2639 1260 2701 confirmat

304 2740 501 2806 auctoritas?
540 2740 581 2801 In
596 2737 641 2800 eis
663 2738 778 2823 utique
798 2738 952 2822 quoniam
972 2758 1100 2800 somnus
1114 2750 1176 2813 est,
1194 2738 1260 2801 ani·

303 2840 401 2905 males
421 2840 570 2916 virtutes,
592 2837 710 2903 scilicet
728 2859 849 2913 sensus,
871 2838 925 2924 qui
948 2837 1102 2903 dicuntur
1120 2842 1261 2927 eorporis

303 2956 337 3009 et
353 2956 427 3009 sunt
441 2943 569 3023 animae,
583 2942 768 3031 quieseunt;
792 2940 845 3005 sed
863 2941 1024 3005 naturales
1038 2942 1259 3009 intenduntur.

304 3046 473 3133 Contingit
495 3046 623 3110 interim
647 3058 683 3110 ut
705 3046 830 3109 animus
845 3044 988 3131 corporis
1010 3045 1160 3110 exercitio
1182 3046 1261 3110 reie-

303 3164 409 3231 vatus,
428 3153 459 3214 in
483 3151 620 3235 seipsum
645 3148 775 3215 liberius
797 3148 917 3227 redeat,
936 3161 967 3213 et
984 3149 1149 3213 veritatem
1172 3173 1258 3214 nunc

304 3274 361 3337 per
376 3252 496 3335 figuras
511 3262 543 3314 et
566 3250 748 3335 aenigmata,
764 3270 849 3313 nunc
869 3249 1055 3313 immediata
1068 3250 1148 3313 faeie
1162 3250 1258 3313 lioeu-

304 3352 368 3417 tius
396 3350 640 3439 contempletur.
686 3349 781 3428 Quod
807 3362 840 3413 et
865 3349 958 3412 illum
983 3372 1046 3412 non
1072 3349 1178 3428 latuit,
1200 3353 1257 3435 qui

304 3455 403 3519 somni
425 3454 601 3541 depingens
620 3464 740 3539 portas,
762 3450 893 3515 alteram
914 3451 1098 3525 eburneam,
1122 3452 1256 3516 alteram

303 3579 447 3622 corneam
457 3556 563 3619 finxit.
603 3555 712 3631 Quum
724 3567 755 3621 et
767 3576 866 3618 cornu
882 3552 923 3618 sit
933 3553 1079 3641 pervium
1092 3554 1186 3630 visui,
1198 3556 1257 3641 qui

302 3682 364 3724 non
394 3660 578 3743 frequenter
605 3670 701 3735 errat,
725 3670 755 3721 et
783 3656 865 3721 ebur
887 3670 1012 3721 naturae
1035 3657 1201 3739 densioris,
1224 3677 1256 3727 et

304 3761 470 3849 usquead
499 3772 673 3825 extremam
700 3759 888 3824 tenuitatem
915 3782 1032 3835 rasum,
1055 3761 1145 3825 nullo
1170 3764 1257 3827 visus

303 3864 446 3928 acumine
474 3876 668 3949 penetretur.
720 3863 793 3925 Hoc
823 3860 954 3947 quidem
983 3861 1145 3939 dentibus,
1175 3864 1255 3927 illud

303 3964 402 4029 oculis
432 3963 609 4029 verioribus
638 3961 772 4026 similius
800 3975 857 4025 est.
904 3961 991 4024 Hine
1021 3986 1095 4026 vera
1124 3965 1256 4042 somnia,

302 4066 374 4129 hino
389 4064 479 4142 salsa,

509 4183 543 4236 ad
555 4182 649 4236 orelam
660 4183 768 4235 mittunt
779 4183 908 4235 insomnia
919 4198 1018 4235 manea.

343 4472 416 4519 VOL.
433 4473 483 4519 111.
