3425 5367
333 739 403 784 oar.
419 722 489 800 xv.]
682 737 935 785 maronarrous.
1223 727 1286 786 21⁷

334 890 376 956 ab
398 902 533 970 errante,
556 888 622 954 sive
643 888 685 952 ab
707 887 859 953 adulante
881 887 1015 954 laudari.
1062 887 1180 953 Nullus
1203 890 1286 954 enim

320 992 539 1090 ‚reprehensor
564 989 787 1054 formidandus
805 1002 853 1054 est
876 989 1009 1056 amatori
1032 989 1183 1055 veritatis.
1228 993 1288 1057 Et-

333 1093 416 1156 enim
432 1104 489 1158 aut
503 1091 650 1156 inimicus
666 1093 915 1177 reprehensurus
930 1104 990 1172 est,
1004 1105 1058 1158 aut
1078 1092 1206 1158 amicus.
1253 1095 1288 1158 Si

333 1192 480 1258 inimicus
507 1192 653 1273 insultat,
678 1190 830 1254 ferendus
856 1203 924 1264 est;
966 1191 1103 1256 Amicus
1128 1205 1234 1258 autem
1262 1192 1288 1257 si

334 1305 430 1371 errat,
459 1293 641 1367 docendus3
680 1295 707 1357 ei
736 1291 860 1367 doceat,
891 1290 1078 1356 audiendus.
1123 1292 1288 1359 Laudatur

336 1417 411 1459 vero
425 1407 458 1459 et
472 1417 581 1458 errans
595 1394 761 1457 confirmat
776 1416 926 1470 errorem,
942 1403 974 1458 et
996 1393 1130 1458 adulans
1149 1395 1240 1460 illicit
1255 1397 1288 1460 in

334 1517 482 1561 errorem.
528 1493 582 1560 Ait
598 1516 675 1575 ergo
691 1515 746 1556 rex
762 1491 877 1569 fidelis,
892 1496 1012 1558 electus
1035 1494 1066 1557 in
1090 1494 1288 1581 beneplacito

336 1595 479 1672 Domini,
493 1597 686 1681 relinquens,
697 1593 723 1658 si
738 1593 874 1680 sapiant,
886 1593 1025 1679 regibus,
1036 1607 1068 1658 et
1080 1594 1288 1681 principibus,

331 1697 479 1783 justitiae,
496 1695 685 1761 humilitatis
699 1694 895 1780 exemplum,
911 1707 943 1760 et
958 1695 1170 1763 fortitudinia.
1211 1701 1290 1766 Cor·

335 1798 431 1884 ripiet
459 1821 509 1862 me
530 1799 643 1884 justus
666 1797 699 1861 in
726 1796 952 1873 misericordia,
974 1809 1005 1861 et
1028 1797 1205 1884 increpabit
1227 1821 1288 1878 me,

335 1897 441 1963 oleum
455 1912 563 1964 autem
582 1899 757 1983 peccatoris
771 1919 834 1961 non
849 1895 1029 1982 impinguet
1051 1911 1149 1984 caput
1172 1921 1287 1964 meum.

340 2003 502 2066 Consonat
517 2001 546 2064 ei
562 1997 711 2077 Ethieus,
726 1998 852 2064 dicens:

443 2117 538 2172 Falsus
549 2118 629 2171 honor
636 2118 722 2189 juvat,
735 2121 781 2169 aut
792 2117 906 2172 mendax
918 2117 1026 2171 infamia
1038 2122 1118 2170 terret

443 2204 539 2271 Quem,
550 2204 602 2258 nisi
612 2204 764 2257 mendosum
776 2209 803 2256 et
814 2204 984 2258 mendacem?

338 2484 420 2566 Cap.
438 2487 487 2544 15.
515 2479 612 2547 Quod
625 2483 655 2544 ei
669 2481 833 2544 duntauot
853 2480 925 2546 licet
946 2483 1087 2558 adulari,
1105 2503 1195 2565 quem
1217 2485 1291 2548 licet

406 2581 555 2656 occidere,
570 2586 602 2644 et
616 2581 700 2662 quod
715 2588 878 2662 tyrannus
889 2583 1040 2664 publicus
1053 2585 1152 2664 hostia
1166 2590 1222 2646 eet.

380 2716 626 2778 Vanuuraarnrr
650 2715 704 2777 cui
727 2712 864 2778 debetur
887 2713 947 2777 hoe
972 2713 1078 2778 oleum
1105 2716 1291 2800 peccatoris,

340 2813 429 2900 quod
454 2814 604 2900 reprobat
631 2813 850 2900 praeambulus
876 2836 987 2900 regum
1013 2814 1167 2893 fidelium,
1193 2828 1225 2881 et
1250 2817 1292 2880 ad

340 2915 430 3001 quod
452 2915 634 2994 emendum,
656 2916 689 2978 in
715 2914 865 2980 fatuitate
887 2937 946 2979 sua
975 2915 1117 2999 exclusas
1140 2917 1291 3004 virgines,

340 3017 439 3082 mittit
452 3016 654 3102 evangelicus
669 3019 796 3080 sermo?
826 3015 868 3080 Ei
885 3019 998 3103 utique
1024 3018 1079 3104 qui
1097 3018 1128 3082 in
1145 3019 1291 3084 sordibus

340 3131 400 3194 eat,
415 3131 447 3182 et
470 3118 561 3203 justo
581 3119 643 3182 Dei
665 3116 790 3204 judicio
814 3116 966 3182 sordescit
992 3118 1140 3204 amplius,
1156 3137 1188 3186 et
1203 3120 1291 3206 ¹vulgi

340 3221 488 3308 opinione
517 3221 627 3306 potius
656 3219 821 3306 splendere
850 3220 986 3306 appetit,
1013 3243 1110 3306 quam
1140 3221 1291 3300 caritatis,

338 3345 536 3409 operumque
550 3322 620 3409 ejus
634 3322 758 3386 fervere
773 3321 927 3386 incendio.
973 3321 1070 3384 Unde
1092 3334 1124 3386 et
1139 3322 1171 3385 in
1195 3344 1293 3388 saeeu-

340 3426 461 3491 laribus
486 3425 586 3492 literis
612 3439 742 3490 cautum
767 3439 827 3502 est,
853 3423 931 3510 quia
960 3423 1052 3489 aliter
1078 3447 1150 3490 cum
1181 3427 1293 3507 amico,

340 3526 432 3592 aliter
460 3525 633 3590 vivendum
663 3535 711 3590 est
739 3547 813 3589 cum
844 3537 990 3608 tyranno.
1039 3526 1151 3588 Amico
1182 3526 1292 3612 utique

340 3625 463 3690 adulari
477 3648 540 3690 non
560 3625 645 3702 lieet,
661 3625 717 3690 sed
738 3646 831 3688 aures
855 3621 983 3708 tyranni
1007 3621 1145 3686 mulcere
1169 3622 1292 3690 licitum

340 3739 398 3794 est.
444 3729 486 3792 Ei
510 3749 648 3813 namque
671 3727 744 3791 licet
770 3723 906 3800 adulari,
925 3745 1020 3810 quem
1046 3723 1118 3789 licet
1142 3717 1314 3814 occidere]

343 3830 442 3894 Porro
457 3845 627 3914 tyrannum
646 3826 788 3892 occidere
812 3845 874 3888 non
899 3823 993 3888 modo
1018 3822 1139 3888 licitum
1163 3839 1222 3904 est,
1238 3827 1292 3890 sed

341 3951 470 4016 aequum
486 3941 518 3994 et
528 3928 667 4014 justum.
707 3928 771 4003 Qui
785 3923 869 3990 enim
885 3923 1029 4008 gladium
1044 3925 1171 4009 accipit,
1185 3925 1294 4010 gladio

342 4031 462 4117 dignus
476 4041 523 4096 est
535 4029 672 4094 interire.
711 4027 774 4094 Sed
787 4026 928 4112 accipere
940 4024 1140 4110 intelligitur,
1151 4027 1209 4112 qui
1221 4051 1294 4094 eum

342 4133 472 4216 propria
487 4129 664 4194 temeritate
676 4139 821 4212 usurpat,
832 4147 894 4189 non
911 4124 967 4210 qui
981 4124 1091 4188 utendi
1103 4149 1141 4189 co
1152 4149 1171 4190 a
1184 4129 1295 4194 Domi-

345 4253 387 4294 no
401 4230 514 4316 accipit
530 4242 731 4316 potestatem.
773 4227 900 4312 Utique
915 4225 971 4311 qui
987 4247 1006 4288 a
1021 4227 1091 4288 Deo
1107 4241 1294 4311 potestatem

344 4331 471 4416 accipit,
486 4329 610 4412 legibus
625 4331 733 4404 servit,
749 4341 780 4390 ct
792 4325 929 4410 justitiae
945 4325 1069 4408 ctjuris
1084 4325 1223 4390 famulus
1238 4342 1295 4392 cet.
