3425 5367
447 717 511 777 256
705 728 842 774 sonuum
859 728 1138 774 ssaassaamnsrs
1259 711 1339 791 [nm.
1357 731 1402 776 1v.

452 881 530 955 filio,
544 882 637 966 cujus
651 880 911 965 praevaricatione
926 883 1066 966 populus
1083 879 1180 944 Israel
1196 902 1234 944 ea
1248 879 1300 944 die
1316 879 1403 944 visus

452 995 500 1049 est
514 982 678 1046 corruisse.
717 981 793 1045 Heli
809 1003 937 1068 quoque
959 981 1031 1046 licet
1047 993 1175 1046 sanctus
1198 981 1230 1044 in
1253 1005 1286 1045 se
1308 979 1403 1045 suisse

452 1085 587 1170 legatur,
602 1084 680 1168 quia
693 1083 832 1148 liliorum
848 1083 989 1170 pepercit
1005 1083 1101 1162 vitiis,
1113 1105 1222 1146 aversa
1237 1083 1312 1148 sella
1324 1083 1403 1147 frac-

454 1186 497 1251 tis
521 1185 699 1250 cervicibus
723 1207 884 1262 corruens,
910 1184 1095 1271 exspiravit.
1140 1185 1189 1249 Ut
1215 1185 1254 1248 dc
1280 1185 1404 1248 caeteris

455 1299 586 1367 taceam,
599 1299 757 1373 quantum
779 1309 891 1373 quaeso
914 1287 1074 1374 publicam
1094 1287 1259 1352 hominurn
1281 1286 1405 1364 dilexit,

455 1397 487 1454 et
509 1388 660 1474 quaesivit
681 1387 827 1465 salutem,
849 1388 907 1473 qui
929 1387 1059 1475 proprio
1079 1387 1146 1452 filio
1167 1409 1229 1452 uon
1253 1389 1405 1474 pepercit,

457 1489 511 1554 sed
538 1510 597 1574 pro
625 1487 716 1551 nobis
742 1487 876 1552 tradidit
900 1487 1002 1568 illum,
1029 1500 1065 1554 ut
1093 1511 1166 1574 quae
1191 1510 1407 1552 merueramus
1463 1512 1467 1521 ·

457 1592 595 1666 vincula,
610 1587 746 1674 flagella,
760 1611 885 1654 crucem
906 1591 1073 1656 sustineret
1093 1589 1253 1670 immunis,
1268 1601 1300 1654 et
1319 1589 1408 1652 inno·

458 1714 532 1756 cens
565 1701 667 1754 morte
695 1688 879 1774 turpissima
912 1689 1140 1752 condemnatus
1175 1701 1232 1753 est.
1282 1691 1409 1773 Regum

459 1804 601 1859 scrutare
615 1790 790 1868 historiam,
801 1791 843 1856 ad
857 1792 918 1855 hoc
929 1791 1068 1878 petitum
1083 1814 1190 1876 regem
1206 1813 1225 1854 a
1241 1795 1311 1856 Deo
1326 1791 1412 1854 inve-

458 1894 536 1972 nies,
548 1903 585 1956 ut
596 1890 788 1976 praecederet
803 1889 914 1954 faciem
930 1890 1054 1976 populi,
1069 1904 1100 1954 et
1116 1889 1317 1975 praeliaretur
1331 1887 1415 1956 bella

462 2016 584 2070 eorum,
612 2005 644 2056 et
669 1991 710 2054 ad
740 1991 980 2056 similitudinem
1006 1991 1150 2078 gentium
1177 1991 1277 2056 totius
1302 1991 1413 2078 populi

462 2117 558 2161 onera
580 2093 760 2158 sustineret.
805 2094 869 2170 Qui
885 2105 989 2158 tamen
1006 2115 1068 2158 nou
1090 2094 1196 2159 fuerat
1211 2095 1413 2170 necessarius,

464 2197 523 2262 nisi
539 2209 572 2260 et
588 2194 685 2258 Israel
700 2195 927 2279 praevaricatus
942 2208 1023 2260 esset
1037 2195 1069 2259 in
1087 2195 1326 2260 similitudinem
1342 2219 1415 2281 gen-

466 2299 560 2375 tium,
576 2309 612 2360 ut
628 2294 700 2359 Deo
722 2317 796 2380 rege
818 2295 878 2360 sibi
893 2318 955 2360 non
976 2296 1139 2362 videretur
1158 2320 1225 2361 esse
1239 2310 1416 2363 contentus.

468 2404 504 2468 Si
529 2398 612 2464 enim
634 2397 794 2485 justitiam
820 2420 878 2484 per
904 2421 936 2462 se
965 2398 1126 2477 coluisset,
1151 2400 1177 2463 si
1202 2399 1234 2462 in
1261 2399 1419 2464 mandatis

470 2499 600 2568 Domini
630 2498 766 2564 fideliter
791 2499 994 2576 ambulasset,
1020 2523 1079 2587 pro
1109 2500 1209 2564 nihilo
1239 2501 1419 2566 humiliaret

469 2609 561 2671 Deus
574 2603 681 2668 hostes
700 2623 821 2678 corum,
836 2615 869 2666 et
891 2625 987 2688 super
1006 2602 1196 2668 tribulantes
1213 2626 1266 2668 eos
1281 2603 1420 2668 mitteret

469 2727 599 2772 manum
612 2726 711 2779 suam,
724 2715 760 2768 ut
773 2703 866 2770 solito
879 2704 940 2769 Dei
952 2705 1072 2769 auxilio
1084 2728 1167 2768 unus
1177 2717 1421 2792 persequeretur

471 2808 568 2888 mille,
582 2820 614 2872 et
629 2807 695 2871 duo
706 2806 855 2892 fugarent
870 2807 977 2872 decem
994 2807 1102 2873 millia.
1134 2809 1303 2896 Hospitem
1316 2831 1420 2872 meum

470 2909 690 2976 Placentinum
716 2907 833 2973 dixisse
859 2909 973 2986 recolo,
999 2909 1103 2974 virum
1130 2911 1245 2997 utique
1271 2910 1423 2996 sauguine

474 3031 671 3094 generosum,
697 3009 864 3073 habentem
894 3010 1095 3095 prudentiam
1126 3011 1239 3076 mundi
1263 3011 1362 3097 hujus
1390 3009 1422 3072 in

475 3110 588 3174 timore
604 3107 746 3183 Domini,
760 3107 820 3171 hoc
834 3111 866 3173 in
879 3109 1063 3174 civitatibus
1080 3109 1181 3176 ltaliae
1193 3133 1251 3177 usu
1266 3109 1425 3196 frequenti

314 3283 317 3290 ,
410 3263 414 3269 .
475 3209 712 3275 celeberrimum
729 3232 808 3287 esse,
823 3209 911 3296 quod
928 3209 1007 3275 dum
1022 3234 1130 3298 pacem
1146 3211 1295 3298 diligunt,
1311 3224 1342 3274 ct
1357 3213 1426 3298 jus-

475 3315 579 3381 titiam
601 3313 721 3392 colunt,
734 3326 766 3378 et
789 3314 937 3401 perjuriis
959 3315 1130 3395 abstinent,
1151 3328 1249 3382 tantae
1272 3313 1427 3379 libertatis

477 3429 509 3482 et
529 3419 616 3502 pacis
637 3414 757 3500 gaudio
774 3417 996 3502 perfruuntur,
1011 3417 1098 3502 quod
1121 3416 1198 3480 nihil
1221 3429 1267 3482 est
1290 3416 1429 3496 omnino,

480 3518 566 3605 quod
583 3521 633 3581 vel
647 3517 679 3580 in
691 3517 822 3581 minimo
833 3519 972 3602 quietem
988 3540 1096 3582 eorum
1112 3517 1281 3584 concutiat.
1320 3519 1428 3596 Quum

480 3640 556 3680 vero
569 3617 781 3702 prolabuntur
795 3618 837 3681 ad
859 3619 1000 3698 fraudes,
1015 3631 1047 3684 et
1069 3641 1126 3706 per
1141 3619 1244 3686 varias
1265 3619 1430 3707 injustitiae

481 3717 617 3798 semitas,
631 3716 820 3782 scinduntur
842 3719 874 3782 in
896 3734 992 3786 semet
1012 3721 1098 3807 ipsis,
1115 3722 1221 3787 statim
1242 3727 1293 3787 vel
1312 3722 1430 3787 fastum

482 3825 672 3903 Romanum,
683 3820 732 3884 vel
743 3819 883 3886 furorem
898 3825 1125 3902 Teutonicum,
1135 3826 1262 3890 aliudve
1271 3823 1432 3908 flagellum

483 3923 606 3988 inducit
622 3923 780 3988 Dominus
794 3947 891 4010 super
913 3949 978 4004 eos,
994 3939 1025 3990 et
1048 3940 1212 4012 permanet
1232 3945 1344 3988 manus
1365 3924 1435 4010 ejus

466 4039 623 4102 ¹extenta,
649 4026 750 4092 donec
776 4028 836 4113 ipsi
866 4029 907 4093 ab
933 4027 1099 4115 iniquitate
1128 4053 1185 4116 per
1214 4027 1433 4113 poenitentiam

482 4135 691 4190 revertantur.
725 4126 803 4202 Quo
813 4133 879 4194 solo
891 4127 1029 4192 remedio
1039 4129 1126 4214 apud
1137 4128 1208 4192 illos
1220 4127 1324 4192 omnis
1335 4139 1435 4193 cessat

484 4237 664 4311 tempestas.
718 4228 902 4314 Adjiciebat
931 4229 1024 4295 etiam
1061 4231 1149 4316 quod
1180 4230 1294 4294 merita
1323 4228 1433 4316 pop'uli

484 4349 609 4391 omnem
631 4341 786 4392 evacuant
808 4329 1035 4416 principatum,
1050 4341 1106 4394 aut
1129 4352 1201 4395 eum
1225 4328 1346 4392 faciunt
1369 4349 1438 4390 esse
