3425 5367
292 751 362 806 tar.
379 744 491 824 avus]
642 761 896 808 eonrcsarrcns.
1207 751 1247 808 97

295 909 482 996 simpliciter
500 912 670 997 conjuncta
691 911 866 998 disjungat,
880 933 943 976 non
965 911 1069 976 inanis
1090 912 1151 977 erit
1171 926 1245 976 con·

294 1011 409 1096 ceptio,
432 1034 505 1097 quae
527 1013 628 1077 totius
653 1012 907 1098 investigationis
928 1009 1091 1098 sapientiae
1116 1014 1248 1100 expedi·

296 1113 444 1178 tissimam
459 1116 543 1199 parit
558 1115 653 1180 riam.
688 1115 755 1178 Hic
768 1127 816 1178 est
827 1115 912 1178 enim
923 1118 1023 1179 totius
1038 1113 1248 1200 philosophiae

293 1213 553 1297 instrumentum,
588 1216 675 1303 quod
712 1229 745 1280 et
785 1229 922 1280 mentem
959 1216 1041 1280 mira
1069 1216 1247 1281 subtilitate

294 1317 433 1393 exacuit,
460 1331 493 1380 et
519 1339 569 1382 res
598 1317 740 1402 singulas
765 1340 784 1382 a
811 1340 843 1381 se
869 1316 1004 1380 invicem
1030 1330 1153 1383 naturae
1177 1341 1246 1384 sum

293 1420 487 1506 proprietate
501 1420 681 1505 distinguit.
728 1420 760 1484 Si
776 1419 1011 1484 abstrahentem
1027 1419 1136 1486 tuleris
1155 1420 1248 1486 intel-

292 1521 424 1598 lectum,
439 1521 616 1586 liberalium
633 1521 750 1586 artium
770 1520 895 1584 officina
908 1520 1039 1607 peribit,
1054 1545 1150 1607 quum
1166 1523 1247 1588 citra

292 1621 394 1708 ipsius
423 1645 552 1709 operam
578 1623 666 1688 nulla
690 1645 798 1687 earum
824 1623 886 1687 rite
911 1623 1021 1686 baberi
1049 1623 1163 1702 valeat,
1189 1638 1247 1690 aut

292 1723 409 1790 doceri.
455 1724 520 1789 Hic
534 1725 641 1811 itaque
656 1725 738 1789 sicut
752 1725 886 1789 formam
906 1725 972 1788 sine
989 1725 1132 1802 materia,
1147 1727 1192 1790 sic
1212 1739 1245 1790 et

290 1827 455 1890 materiam
478 1825 665 1911 aggreditur
688 1829 756 1891 sine
777 1827 898 1900 forma3
932 1839 965 1890 et
988 1826 1077 1912 quod
1104 1827 1242 1920 proprias

292 1926 423 1991 virtutis
452 1928 594 2013 potentia
624 1940 731 1992 tenere
759 1949 821 1990 non
853 1925 980 2004 sufficit,
1011 1949 1070 1990 suo
1103 1927 1245 2012 quodam

293 2027 420 2094 defectu
436 2028 597 2093 interdum
612 2027 865 2114 comprehendit,
879 2040 916 2092 ut
932 2027 958 2091 si
975 2025 1143 2092 videantur
1158 2041 1246 2092 tene·

293 2131 360 2194 broe
374 2152 436 2194 non
449 2129 598 2210 ridendo,
609 2143 642 2195 et
657 2152 719 2194 non
735 2129 897 2193 audiendo
909 2128 1072 2194 silentium
1083 2129 1243 2196 audiatur.

294 2233 378 2298 Ecce
392 2252 455 2296 non
471 2245 519 2296 est
539 2232 634 2296 homo
653 2235 711 2318 qui
731 2253 794 2295 non
816 2230 857 2295 sit
877 2230 981 2307 albus,
996 2244 1054 2295 aut
1073 2232 1173 2316 niger,
1188 2246 1245 2298 aut

294 2334 388 2399 medii
414 2333 526 2399 coloris
550 2334 726 2420 particeps,
750 2356 808 2397 nec
832 2346 939 2418 potest
965 2355 1032 2396 esse
1057 2333 1164 2411 bomo,
1186 2334 1245 2420 qui

294 2455 355 2499 non
377 2438 485 2500 statim
497 2434 537 2499 sit
553 2435 669 2521 aliquis
681 2434 787 2511 homo,
804 2457 905 2520 quum
922 2433 1006 2498 idem
1022 2435 1063 2500 sit
1074 2434 1169 2499 alicui
1179 2459 1248 2501 esse

292 2548 325 2600 et
353 2557 451 2601 unum
482 2558 614 2600 numero
643 2559 720 2600 esse.
765 2540 982 2601 Veruntamen
1013 2540 1057 2602 sic
1085 2537 1245 2604 hominem

291 2635 472 2702 intellectus
487 2637 628 2722 attingit,
642 2655 678 2702 ut
693 2637 732 2701 ad
750 2635 908 2701 neminem
924 2638 1083 2702 hominem
1098 2652 1246 2725 aspectus

294 2737 381 2804 illius
402 2739 583 2818 descendat,
604 2739 794 2825 generaliter
820 2741 959 2818 intuens,
982 2741 1070 2828 quod
1096 2763 1158 2804 non
1184 2741 1245 2804 nisi

292 2839 497 2924 singulariter
519 2863 586 2903 esse
606 2853 721 2926 potest.
767 2841 855 2905 Sicut
877 2842 961 2905 enim
982 2841 1107 2905 dicendi
1125 2854 1156 2906 et
1181 2842 1244 2926 sig·

292 2939 454 3020 nilicandi,
484 2941 528 3004 sic
556 2954 589 3006 et
617 2941 813 3025 intelligendi
842 2943 1022 3021 diversitas,
1052 2943 1244 3007 subsistendi

293 3043 405 3108 modos
420 3043 471 3106 sui
486 3043 712 3108 numerositate
727 3046 934 3122 transcendit,
948 3059 979 3110 et
997 3045 1092 3108 bomo
1106 3049 1164 3132 qui
1179 3068 1243 3110 non

292 3155 398 3230 potest
432 3141 492 3206 nisi
527 3142 730 3228 singulariter
762 3167 840 3224 esse,
874 3143 1046 3209 universali
1080 3145 1244 3210 clauditur

293 3243 406 3310 mentis
420 3244 632 3329 conceptione.
672 3245 796 3310 Diffinit
812 3269 889 3330 ergo
904 3246 985 3312 ratio
1001 3247 1090 3333 quod
1106 3247 1244 3333 concipit

292 3343 481 3422 intellectus,
505 3343 620 3408 animal
644 3343 797 3406 rationale
819 3345 962 3427 mortale,
987 3346 1075 3432 quod
1100 3346 1134 3410 in
1160 3347 1244 3411 solos

293 3447 436 3513 subditos
455 3446 580 3526 cadere,
599 3445 716 3508 nemini
736 3457 821 3508 recte
843 3446 1033 3530 sapientium
1056 3448 1245 3532 ambiguum

293 3562 349 3616 est.
403 3551 492 3614 Dum
519 3551 630 3634 itaque
655 3569 761 3610 rerum
797 3546 1022 3614 similitudines
1046 3562 1079 3616 et
1105 3549 1243 3614 dissimi-

293 3649 444 3717 litudines
472 3650 607 3736 colligit,
636 3649 714 3713 dum
752 3649 967 3715 differentium
993 3652 1246 3731 convenientias,

291 3767 324 3818 et
361 3751 618 3818 convenientium
654 3749 847 3816 differentias
881 3751 978 3817 altius
1011 3765 1245 3839 perscrutatur,

292 3854 369 3918 dum
395 3853 476 3940 quid
507 3851 631 3938 singula
659 3874 731 3918 cum
760 3851 920 3938 pluribus,
955 3853 1034 3938 quid
1064 3875 1138 3918 cum
1168 3874 1247 3938 pau-

293 3955 431 4022 cioribus
466 3977 633 4020 commune
668 3955 817 4033 babeant,
848 3954 1038 4039 diligentius
1066 3954 1248 4040 investigat,

290 4081 404 4144 quasve
433 4059 528 4122 rebus
553 4055 686 4141 singulis
710 4055 823 4120 adesse
853 4078 980 4122 necesse
1009 4057 1064 4136 sit,
1086 4079 1160 4144 quse
1189 4056 1245 4122 ab·

292 4183 359 4226 esse
381 4183 444 4224 non
467 4160 605 4246 possint,
626 4157 839 4245 perspicacius
863 4158 1108 4244 contemplatur,
1129 4158 1249 4223 multos

293 4260 380 4348 apud
402 4283 435 4324 se
456 4281 565 4324 rerum
587 4259 711 4324 invenit
733 4273 847 4338 status,
869 4258 947 4322 alios
967 4259 1099 4346 quidem
1122 4259 1249 4324 unirer·

294 4363 386 4438 sales,
410 4359 490 4426 alios
515 4359 704 4448 singulares.
749 4361 838 4436 Quos
863 4379 924 4445 pro
948 4358 1080 4426 arbitrio
1106 4381 1165 4422 suo
1193 4357 1251 4422 de·

341 4483 414 4530 vot.
432 4483 483 4530 ιιι.
763 4481 788 4526 ιι
