3425 5367
301 742 371 789 car.
388 724 434 805 v.]
542 740 546 747 ·
655 741 909 789 marcuarrcus.
1191 729 1254 785 275

300 905 333 957 et
356 894 413 980 qui
435 894 540 978 tangit
563 914 630 972 vos,
652 892 757 977 tangit
781 890 937 978 pupillam
963 890 1048 955 oculi
1070 894 1142 957 mei.
1189 891 1251 955 Illa

302 1016 378 1057 vero
394 994 581 1073 reverentia,
601 1017 676 1081 quoe
695 993 728 1057 in
750 1016 857 1058 rerum
873 994 1074 1059 veneratione
1094 993 1248 1071 consistit,

300 1095 470 1182 multiplex
484 1109 542 1162 est.
586 1101 653 1162 Aut
664 1096 748 1159 enim
762 1096 940 1181 corporales
955 1118 1004 1159 res
1019 1108 1105 1172 sunt,
1118 1109 1155 1161 ut
1167 1095 1251 1159 aedes

301 1208 334 1260 et
357 1200 426 1262 loca
444 1220 544 1272 sacra,
564 1210 598 1262 et
618 1220 694 1283 quse
714 1196 777 1283 piis
798 1196 946 1263 dicantur
968 1196 1091 1274 usibus,
1105 1210 1137 1261 et
1155 1197 1249 1262 sacri-

301 1298 374 1363 ficia
398 1323 471 1384 quoe
493 1298 662 1364 visibiliter
683 1312 882 1364 exercentur.
935 1302 1002 1364 Aut
1027 1298 1251 1385 incorporales,

302 1411 340 1463 ut
356 1400 434 1485 jura
448 1424 521 1485 quse
543 1400 640 1465 sacris
660 1399 756 1464 rebus
774 1412 972 1483 competunt,
992 1423 1067 1486 quoe
1089 1414 1253 1481 temerare,

303 1502 504 1589 sacrilegium
523 1514 572 1568 est
594 1514 696 1567 morte
716 1502 880 1587 piandum,
897 1503 997 1567 aliave
1016 1524 1111 1589 poena
1131 1504 1252 1587 gravis·

303 1603 394 1681 sima,
415 1626 476 1690 pro
496 1604 651 1691 qualitate
673 1603 811 1670 admissi.
860 1606 977 1669 Rerum
998 1626 1073 1667 vero
1093 1626 1251 1668 sacrarum

302 1705 536 1772 immunitatem
559 1706 748 1785 convellere,
768 1707 933 1791 insurgere
955 1707 987 1770 in
1012 1694 1116 1771 Deum
1140 1718 1199 1783 est,
1221 1719 1254 1770 et

303 1808 396 1893 quasi
416 1808 583 1873 vendicare
603 1830 676 1873 eum
696 1808 728 1872 in
754 1809 950 1875 servitutem.
995 1812 1041 1874 Et
1062 1808 1191 1895 quidem
1213 1808 1254 1871 de

298 1909 374 1995 jure
397 1908 506 1973 divino
534 1932 595 1995 pro
620 1932 653 1973 ee
678 1923 809 1996 possent
834 1910 937 1974 multa
961 1910 1108 1997 proponi,
1136 1908 1190 1973 sed
1218 1922 1255 1973 ut

304 2010 430 2075 oemuloe
457 2012 625 2098 potestatis
653 2034 717 2075 non
745 2012 942 2098 obloquatur
965 2012 1108 2090 audacia,
1133 2011 1164 2074 in
1196 2011 1255 2075 hac

303 2125 396 2199 parte
419 2125 541 2179 statuta
565 2112 746 2200 principum
769 2112 865 2177 latius
887 2126 919 2178 et
943 2112 1112 2198 benignius
1134 2124 1256 2198 patent,

305 2234 378 2298 qum
406 2211 501 2277 fidem
533 2212 746 2279 Christianam
772 2226 976 2293 venerantur,
1004 2214 1194 2299 approbant,
1223 2227 1256 2279 at

304 2313 510 2379 ecclesiarum
529 2326 563 2379 et
582 2314 799 2385 ministrorum
819 2314 1027 2400 omniumque
1046 2314 1187 2380 locorum
1203 2338 1256 2380 ve·

304 2414 491 2480 notabilium
505 2414 674 2501 privilegia
686 2414 834 2479 universa
843 2414 1041 2479 confirmant.
1079 2417 1159 2490 Quis
1173 2416 1256 2481 enim

305 2515 469 2602 principis,
489 2516 585 2601 cujus
607 2518 761 2580 memoria
782 2515 815 2579 in
837 2515 1057 2581 benedictione
1082 2530 1140 2593 eat,
1162 2522 1257 2583 Arca-

306 2616 396 2681 dium
418 2621 543 2704 loquor,
567 2616 826 2682 constitutionem
849 2640 913 2683 noa
938 2618 1084 2683 audivit?
1124 2619 1157 2682 Si
1183 2620 1257 2705 quia

306 2718 338 2781 in
354 2719 415 2782 boc
428 2740 531 2802 genus
544 2718 698 2802 sacrilegii
710 2718 867 2805 prorupit,
879 2732 916 2784 ut
929 2720 963 2783 in
979 2719 1137 2784 Ecclesiae
1151 2720 1258 2785 catho-

306 2821 383 2887 licas
405 2821 540 2901 irruens,
566 2820 783 2885 sacerdotibus
807 2834 840 2886 et
863 2822 1027 2898 ministris,
1054 2822 1104 2886 vel
1129 2826 1161 2887 in
1188 2822 1258 2909 ipso

307 2920 398 2986 cultu
413 2922 521 2985 lucore
534 2920 658 3007 aliquid
677 2921 829 3007 importet
847 2921 985 3009 injuriae,
999 2922 1087 3009 quod
1102 2922 1225 3007 geritur
1239 2945 1259 2987 a

307 3020 479 3107 provincia
500 3020 678 3087 rectoribus
698 3022 981 3099 animadvertatur,
1000 3036 1098 3110 atque
1119 3028 1167 3089 ita
1187 3046 1260 3111 pro·

307 3122 420 3187 vinciar
442 3122 634 3200 moderator,
647 3122 846 3188 sacerdotum
868 3138 901 3189 et
923 3124 1078 3191 Ecclesiae
1100 3125 1259 3191 ministro-

307 3246 390 3303 rum,
412 3224 473 3289 loci
494 3246 624 3311 quoque
642 3225 771 3289 illorum
792 3238 825 3291 et
847 3226 948 3291 divini
971 3227 1076 3293 cultus
1098 3227 1260 3313 injuriam,

306 3324 435 3413 capitali
449 3326 483 3389 in
498 3326 660 3391 convictos
679 3326 745 3391 sire
762 3328 922 3392 confessos
940 3350 1011 3393 reos
1033 3331 1188 3395 sententia
1203 3350 1259 3393 ao·

308 3427 389 3491 rcrit
402 3448 470 3491 esse
484 3425 727 3492 vendicandum.
773 3429 841 3492 Nec
854 3442 1002 3515 expectet
1023 3442 1060 3494 ut
1080 3430 1261 3517 Episcopus

307 3527 435 3613 injurias
449 3526 588 3613 propria
602 3527 755 3593 ultionem
769 3528 934 3615 deposcat,
944 3529 996 3593 cui
1008 3530 1158 3597 sanctitas
1171 3532 1180 3594 i
1185 3552 1261 3613 gno-

307 3626 414 3690 scendi
439 3627 573 3711 gloriam
602 3628 786 3715 dereliquit,
811 3630 917 3715 sitque
940 3631 1064 3695 cunctis
1089 3630 1259 3707 laudabile,

307 3728 409 3792 lactas
422 3741 544 3793 atroces
563 3730 781 3796 mcerdotibus
794 3744 851 3797 aut
866 3732 1018 3797 ministris
1036 3732 1181 3817 injun'as,
1197 3732 1261 3797 vel-

309 3832 358 3895 uti
372 3827 537 3915 publicum
553 3831 672 3895 crimen
692 3832 852 3917 persequi,
867 3854 904 3895 ac
918 3832 959 3895 de
974 3832 1092 3897 talibus
1108 3832 1260 3897 ultionem

309 3932 432 3997 mereri.
488 3931 586 3995 Item:
622 3932 732 3997 Placet
761 3932 937 3997 clementiae
961 3945 1088 4008 nostrae,
1115 3946 1152 3997 ut
1181 3932 1260 3997 nihil

309 4054 476 4097 mmmune
489 4032 595 4097 clerici
610 4055 682 4097 cunr
704 4032 842 4120 publicis
855 4033 1035 4099 actionibus
1048 4033 1196 4115 babeant,
1213 4036 1261 4099 vel

310 4131 352 4196 arl
381 4133 504 4197 curiam
537 4134 782 4219 pertinentibus,
811 4135 906 4220 cujus
938 4134 1063 4221 corpori
1094 4156 1155 4199 non
1186 4150 1262 4201 sunt

310 4233 436 4298 annexi.
481 4235 526 4299 Et
547 4234 642 4299 alibir
670 4236 704 4300 si
726 4235 865 4301 ecclesias
886 4236 1076 4301 venerabilis
1098 4236 1264 4323 privilegia

311 4336 501 4421 cujusquam
526 4334 648 4402 luerint
671 4336 721 4401 rel
749 4336 927 4402 temeritate
950 4336 1077 4413 violata,
1102 4337 1149 4401 vel
1173 4336 1265 4401 dissi-

756 4446 813 4502 rt
