3425 5367
325 723 394 768 car.
410 705 474 784 nn]
673 721 928 768 rotrcnartcns
1219 709 1279 769 187

325 874 449 954 landas,
467 894 526 938 sna
544 870 648 938 sidera
667 873 847 953 defuerunt,
861 875 920 938 viri
940 871 1069 957 quidem
1092 873 1216 938 virtutis
1238 875 1278 938 ti·

324 976 392 1040 tulo
411 976 546 1050 nobiles,
568 996 820 1060 magnorumque
842 995 975 1060 operum
997 975 1157 1056 fulgentes
1178 976 1278 1060 insig-

323 1078 430 1156 nibus,
451 1097 584 1162 quonrm
607 1079 766 1161 exemplis
788 1077 830 1142 ad
852 1080 973 1142 cultum
991 1078 1126 1162 justitiae
1150 1099 1279 1162 semper

323 1178 376 1246 alii
399 1179 626 1262 provehantur.
670 1180 789 1242 Nonne
814 1181 898 1243 Abel
918 1179 1133 1243 innocentiam
1155 1179 1277 1258 docuit,

321 1281 439 1345 Enoch
460 1280 650 1344 munditiam
671 1278 828 1344 actionis?
864 1280 952 1354 Quid
970 1280 1011 1344 de
1030 1280 1273 1361 longanimitate

322 1382 394 1463 spei
414 1391 448 1445 et
465 1382 571 1465 operis
590 1403 657 1445 non
676 1382 791 1446 hahuit
810 1381 905 1446 Noe?
930 1381 1009 1464 quid
1031 1381 1071 1445 de
1091 1381 1274 1446 obedientia

320 1481 458 1546 fideliter
485 1481 650 1566 implenda
679 1482 781 1547 deluit
806 1482 968 1560 Abrahae?
1006 1484 1098 1546 Isaac
1130 1483 1273 1566 conjugii

321 1583 543 1647 castimoniam
567 1584 705 1662 instruit,
727 1593 761 1648 et
788 1585 893 1648 Jacob
922 1583 1043 1648 laboris
1071 1584 1272 1647 tolerantiam

319 1683 469 1747 ostendit
513 1686 535 1748 J
536 1685 634 1768 oseph
649 1685 824 1768 parricidas
838 1685 949 1748 fratres
971 1685 1050 1747 boni
1064 1684 1271 1750 retributione

318 1794 507 1863 remunerat,
521 1808 624 1869 eoque
639 1786 734 1850 docet
749 1807 768 1850 a
782 1787 877 1850 bonis
892 1789 977 1850 bona
990 1807 1049 1870 pro
1065 1786 1156 1849 malis
1170 1787 1270 1850 tn'bu·

317 1883 411 1946 enda.
441 1885 482 1946 ln
496 1885 604 1947 multis
617 1885 760 1949 millibus
775 1885 943 1964 increduli,
954 1885 1101 1962 indurati,
1116 1893 1148 1948 et
1162 1885 1269 1949 Deum

315 2004 440 2067 semper
451 1986 673 2050 exacerbantis
683 1987 808 2071 populi,
818 1987 929 2070 Moysi
938 1986 1149 2075 mansuetudo
1160 1997 1269 2050 osten·

315 2085 409 2160 ditur,
434 2095 466 2150 et
490 2087 730 2152 imminentibus
759 2088 913 2166 adversis,
938 2087 1131 2152 confidentis
1155 2088 1266 2151 Josuae

312 2185 556 2267 magnanimitas
575 2185 762 2252 declaratur.
805 2189 870 2252 Job
890 2187 1053 2271 patientias
1073 2187 1188 2251 indicit
1207 2208 1265 2252 ex·

312 2289 464 2370 emplum.
508 2289 555 2351 Et
573 2291 790 2372 praeambulus
802 2289 914 2372 gratiae
935 2290 1083 2372 Baptista
1097 2289 1265 2354 salvatoris

313 2386 389 2450 dum
410 2389 634 2471 poenitentinm
655 2389 822 2473 praedicat,
845 2400 878 2452 et
900 2390 984 2453 vitiis
1005 2389 1122 2453 indicit
1142 2389 1262 2470 fugam,

311 2489 545 2552 confessionem
565 2490 647 2554 eruit
661 2491 809 2569 veritatis,
824 2502 856 2555 et
878 2489 920 2552 ad
941 2491 1192 2574 increpationem
1211 2490 1259 2552 in-

305 2588 1107 2675 juriae,etcondemnationeminiquitatis,omnium
1118 2589 1262 2653 fidelium

308 2689 437 2771 linguas
451 2691 593 2754 exacuit.
636 2691 722 2764 Quid
742 2693 909 2775 utriusque
930 2691 1114 2755 testamenti
1128 2691 1260 2754 reseram

307 2800 426 2875 patres,
447 2813 582 2876 quornm
607 2795 757 2876 exempla
778 2803 853 2856 sunt
874 2791 1046 2877 disciplina
1071 2813 1206 2870 mamm,
1228 2801 1261 2857 et

307 2891 482 2955 rectissima
496 2891 643 2956 instituta
656 2891 808 2956 vivendi?
835 2893 884 2956 Hi
899 2891 1031 2976 quidem
1046 2891 1170 2956 suntin
1185 2913 1258 2977 sep·

305 3002 372 3055 tem
392 2993 535 3056 millibus
548 2993 696 3071 viromm,
713 3016 795 3079 quos
817 2995 878 3059 sibi
896 2994 1061 3058 Dominus
1075 2994 1257 3071 reservavit,

304 3102 420 3156 utnon
436 3103 603 3158 currarent
616 3115 721 3176 genna
736 3105 882 3159 anaante
897 3095 989 3173 Baal,
1004 3104 1058 3158 aut
1072 3093 1255 3178 cuicunque

302 3195 434 3259 vanitati
455 3195 648 3280 prostituant
669 3196 794 3260 animas
818 3195 983 3279 pretiosas.
1028 3195 1074 3258 Hi
1100 3202 1176 3258 sunt
1198 3195 1254 3278 qui

301 3297 386 3361 inter
398 3295 578 3362 insensatos
591 3297 750 3360 habentur
769 3296 885 3371 insani,
901 3296 978 3379 quia
991 3295 1103 3359 alienas
1120 3296 1253 3360 insaniae

301 3399 415 3462 nolunt
427 3420 499 3463 esse
512 3398 694 3483 participes.
729 3398 776 3461 Et
786 3397 884 3461 finem
895 3397 964 3460 sine
979 3397 1101 3461 honore
1112 3397 1253 3460 habituri

300 3499 481 3575 creduntur,
492 3499 569 3584 quia
580 3499 766 3582 dignitatem
780 3509 913 3577 naturae,
925 3497 1078 3561 mundani
1088 3497 1253 3562 histrionis

299 3600 414 3664 habitu
431 3601 573 3684 polluere
596 3600 822 3684 dedignantur.
868 3599 916 3664 Hi
939 3609 1014 3663 sunt
1031 3599 1112 3664 sorte
1132 3599 1189 3682 qui
1209 3599 1251 3663 de

298 3699 365 3766 alto
388 3701 539 3766 virtutum
564 3702 705 3766 culmine
733 3701 891 3766 theatrum
915 3701 1029 3765 mundi
1058 3701 1250 3786 despiciunt,

296 3801 472 3887 ludumque
485 3802 621 3868 fortunae
636 3811 890 3879 contemnentes,
904 3801 1001 3864 nullis
1017 3800 1175 3864 illecebris
1189 3801 1248 3864 im·

297 3905 458 3988 pelluntur
471 3905 513 3968 ad
529 3905 696 3982 vanitates,
709 3912 743 3966 et
755 3902 896 3966 insanias
915 3902 1020 3964 salsas.
1065 3900 1113 3962 Hi
1126 3899 1198 3982 jam
1211 3899 1247 3964 in

295 4005 361 4070 suis
380 4005 520 4088 gaudent
538 4005 673 4088 Elysiis,
691 4003 733 4067 ad
752 4003 921 4066 utilitatem
942 4023 1032 4066 suam
1048 4000 1156 4064 vident
1174 4000 1245 4084 plu·

292 4103 383 4178 mma,
398 4105 486 4170 etad
500 4127 574 4169 eam
594 4103 702 4166 omnia
717 4102 785 4165 visa
797 4109 991 4184 retorquent.
1036 4098 1144 4176 Quum
1159 4099 1246 4164 enim

294 4205 399 4268 fidelis
413 4205 520 4269 anima
539 4204 581 4270 de
600 4214 684 4267 terra
702 4203 872 4280 exaltatur,
887 4211 963 4266 tunc
987 4200 1115 4264 demum
1135 4201 1245 4264 omnia

291 4304 388 4370 trahit
401 4305 443 4370 ad
456 4305 606 4390 seipsam.
644 4305 857 4388 Speculantnr
869 4303 922 4368 isti
934 4300 1135 4366 Comoediam
1151 4323 1242 4366 mun·
