3425 5367
310 772 381 816 one.
397 750 532 829 xxv111.]
681 764 934 810 eosrcnarmus.
1200 752 1260 811 153

310 921 398 984 mino
412 918 612 1005 prohibente,
627 928 774 981 exercent
797 915 898 997 impii,
914 913 992 1000 quid
1015 912 1103 978 aliud
1127 913 1261 993 faciunt,

310 1043 407 1106 quam
443 1019 625 1083 calcaneum
663 1017 783 1101 erigere
819 1017 971 1081 adversus
1016 1016 1261 1101 prohibentem?

312 1124 408 1187 Certe
422 1121 515 1185 nimis
529 1132 577 1184 est
591 1118 678 1206 quod
693 1118 846 1197 immolat,
857 1118 914 1204 qui
926 1119 1027 1204 ejecto
1037 1118 1159 1203 Spiritu
1173 1142 1262 1183 sanc-

311 1235 355 1303 to,
370 1221 557 1286 idololatriae
572 1233 708 1286 mentem
730 1220 905 1305 prostituit.
950 1219 1093 1284 Nimium
1110 1220 1261 1305 estquod

312 1323 465 1400 immolat,
476 1325 532 1408 qui
543 1320 1016 1407 pollutasauresdremoniorum
1028 1321 1175 1388 sollicitat
1187 1346 1263 1387 voce

313 1422 453 1488 Domino
466 1436 658 1486 consecrata.
705 1420 848 1483 Nimium
865 1436 912 1485 est
930 1421 1015 1506 quod
1036 1420 1190 1502 immolat,
1206 1425 1262 1507 qui

313 1537 434 1589 motum
447 1526 587 1611 corporis
597 1522 813 1587 accommodat
822 1523 862 1586 ad
871 1522 1262 1609 detestabilesacrilcgium

314 1626 542 1711 peragendum.
576 1624 663 1700 Quid
675 1624 807 1687 retinuit
819 1626 962 1700 creatori,
974 1623 1030 1709 qui
1046 1637 1194 1702 mentem,
1208 1626 1273 1689 lin-'

315 1750 426 1812 guam,
441 1750 567 1811 corpus,
590 1726 789 1789 daemonibus
810 1725 953 1789 obtulit?
978 1728 1031 1787 An
1054 1748 1115 1789 non
1139 1727 1264 1793 veritati

315 1830 391 1893 fecit
406 1828 565 1914 injuriam,
582 1828 638 1912 qui
661 1827 876 1913 integritatem
893 1830 961 1913 ejus
976 1827 1008 1889 in
1032 1840 1120 1891 tanta
1135 1850 1265 1915 corrup·

316 1930 401 1995 tione
415 1929 590 2015 quaesivit?
614 1928 713 1994 Plane
737 1952 829 1992 nemo
848 1932 882 1992 in
901 1928 1019 1993 talibus
1041 1950 1098 2014 per
1118 1930 1266 2014 ignoran-

317 2032 392 2095 tiam
423 2044 607 2096 excusatur.
652 2032 770 2095 Omnes
791 2030 876 2093 enim
898 2033 930 2093 in
953 2052 1119 2093 commune
1149 2032 1264 2110 sciunt,

317 2145 373 2197 aut
388 2134 468 2196 scire
489 2132 618 2209 debent,
642 2132 722 2196 banc
737 2132 941 2217 ignominiam
961 2132 1034 2195 fidei
1057 2132 1266 2200 anathematis

317 2234 488 2319 opprobrio
503 2233 754 2298 condemnatam.
779 2235 851 2296 Non
869 2234 981 2319 utique
1005 2234 1055 2297 hic
1071 2249 1267 2301 sacramento

318 2336 406 2399 miles
434 2336 604 2422 excipitur,
634 2334 778 2421 pupillus
807 2348 912 2414 aetate,
942 2336 1055 2399 mulier
1083 2338 1267 2405 infirmitate

319 2460 423 2513 sexus,
452 2437 590 2501 rusticus
624 2459 754 2500 munere
787 2436 1002 2522 agricultura,
1036 2462 1101 2525 qua
1130 2440 1268 2525 publicae

320 2538 451 2602 utilitati
472 2536 627 2621 invigilat.
673 2537 766 2600 Licet
788 2535 871 2599 enirn
894 2540 927 2601 in
953 2537 1127 2624 dispendiis
1150 2563 1267 2619 rerum,
1363 2584 1368 2595 ·

319 2638 524 2703 subveniatur
538 2639 583 2702 eis
599 2661 654 2724 per
672 2638 884 2722 ignorantiam
901 2638 995 2724 juris,
1012 2640 1043 2703 in
1067 2642 1270 2707 subversione

320 2751 423 2805 tamen
453 2738 528 2802 fidei
556 2738 682 2802 nullum
711 2740 752 2803 ab
781 2740 960 2823 ignorantia
996 2740 1169 2805 remedium
1200 2756 1267 2807 est:

321 2842 484 2906 obtinente
498 2864 536 2903 eo
551 2852 586 2905 nt
601 2841 658 2925 qui
678 2843 804 2926 ignorat
827 2838 1002 2925 ignoretur,
1020 2855 1050 2905 et
1074 2841 1223 2926 insipiens
1238 2844 1269 2907 in

321 2942 428 3028 culpa,
442 2941 608 3005 erudiatur
621 2944 654 3005 in
669 2964 776 3029 poena,
797 2956 829 3007 et
851 2946 1008 3029 sapienter
1027 2948 1194 3031 puniatur,
1214 2946 1271 3031 qui

321 3043 424 3108 noluit
440 3043 615 3128 intelligere
637 3058 674 3109 ut
690 3045 769 3108 bene
792 3058 911 3129 ageret.
957 3048 1038 3137 Quis
1060 3047 1142 3111 enim
1166 3049 1271 3134 potuit

321 3144 451 3221 discere,
464 3159 500 3209 ut
508 3145 573 3209 sine
585 3145 692 3209 labore
701 3169 720 3209 a
729 3160 818 3210 tanto
830 3146 939 3211 labore
950 3148 1178 3225 cessaret‚dum
1192 3148 1271 3213 illud

321 3246 476 3311 laboriose
488 3244 664 3311 addisceret
680 3260 715 3311 ut
732 3245 887 3311 laboriose
896 3262 928 3311 et
940 3249 1124 3333 pestilenter
1133 3254 1272 3315 erraret?

323 3350 397 3412 Non
415 3359 519 3430 potest
534 3346 567 3407 in
588 3345 653 3409 lide
674 3349 741 3409 sine
755 3347 864 3411 labore
886 3348 1056 3433 quiescere,
1080 3350 1137 3433 qui
1162 3362 1274 3433 potens

322 3463 370 3514 est
398 3448 610 3513 sollicitudine
632 3450 748 3514 mentis
770 3466 802 3515 et
831 3448 981 3513 exercitio
1003 3452 1145 3536 corporis
1170 3474 1189 3514 a
1210 3450 1274 3514 fide

324 3551 471 3615 deviare?
484 3550 549 3625 Qui
561 3553 643 3614 enim
657 3550 706 3613 his
717 3549 1015 3635 nugisobsequitur‚
1026 3550 1122 3615 fidem
1134 3554 1275 3638 negavit,
1354 3602 1357 3609 ,

323 3665 356 3717 et
367 3652 484 3717 infideli
492 3653 629 3717 deterior
640 3666 705 3726 est3
723 3666 754 3717 et
766 3652 837 3716 licet
844 3652 949 3715 verbis
959 3654 1064 3717 Deum
1076 3654 1276 3736 confiteatur,

323 3754 352 3817 ei
374 3755 531 3840 perversis
559 3754 709 3840 operibus
738 3751 939 3818 contradicit.
986 3758 1054 3819 Nec
1076 3754 1200 3821 facilius
1228 3768 1276 3821 est

325 3856 483 3920 hominem
507 3856 692 3943 hujusmodi
714 3880 781 3920 esse
795 3855 934 3933 fidelem,
954 3879 1049 3942 quam
1068 3857 1210 3941 judicem
1230 3858 1277 3919 in-

325 3972 525 4043 corruptum,
546 3958 603 4045 qui
629 3958 735 4043 diligit
754 3980 897 4037 munera,
918 3971 949 4023 et
969 3958 1114 4044 sequitur
1141 3958 1277 4023 retribu-

326 4060 438 4124 tiones.
484 4062 644 4125 Caeterum
668 4060 753 4147 qnod
778 4060 1008 4145 simpliciorum
1026 4062 1147 4124 animos
1161 4074 1279 4141 movet,

326 4159 444 4223 scilicet
454 4183 511 4245 per
522 4162 705 4247 hujusmodi
717 4161 980 4227 consultationem
990 4164 1175 4228 abscondita
1189 4164 1278 4228 futu-

327 4280 435 4323 rorum
450 4263 644 4330 manifestari
664 4286 726 4327 non
743 4285 844 4349 posse,
866 4263 923 4327 nisi
946 4287 1003 4350 per
1018 4286 1145 4328 manum
1161 4266 1230 4352 ejus
1245 4270 1277 4329 in

326 4363 417 4447 cujus
431 4376 588 4448 potestate
603 4378 677 4431 sunt
693 4378 836 4450 tempora
851 4374 883 4429 et
896 4379 1063 4443 momenta,
1081 4366 1199 4430 nodum
1216 4388 1278 4429 non
