3425 5367
338 746 410 792 car.
428 726 491 805 in]
693 742 948 789 rotrenarrcns.
1252 732 1293 789 23

446 893 500 956 Qui
512 909 597 945 meres
607 892 739 947 honrimm
750 891 888 947 mulmrum
898 891 964 944 vidit
974 896 1003 945 et
1011 891 1099 957 nrbes,

340 991 433 1075 cujus
459 990 661 1075 providentia
682 989 781 1055 nullis
806 988 913 1071 potuit
936 988 1061 1051 insidiis
1082 985 1291 1071 supplantari,

339 1092 432 1175 cujus
446 1091 626 1157 tendiculas
636 1112 731 1153 nemo
747 1090 888 1155 hostium
902 1088 1063 1153 indemnis
1077 1088 1188 1167 erasit,
1199 1088 1292 1173 cnjus

338 1193 479 1277 denique
494 1192 625 1257 inermis
639 1192 755 1255 militia
772 1191 905 1255 ulterius
925 1192 1084 1273 promovit
1105 1191 1292 1253 Graecornru

340 1294 482 1374 gloriam,
495 1314 593 1376 qnam
615 1292 703 1369 tuille
725 1292 838 1355 ratium
860 1301 979 1353 armata
1000 1289 1180 1355 multitudo.
1225 1290 1292 1353 Sed

339 1404 371 1459 et
390 1395 459 1477 ipse
481 1394 577 1477 hujus
599 1392 743 1457 exercitii
759 1390 885 1457 Circam
901 1391 1013 1455 laudat
1028 1402 1202 1467 auctorem,
1218 1414 1291 1476 quae

338 1494 535 1559 carminibus
550 1504 582 1559 et
594 1494 720 1576 poculis
733 1493 892 1555 humanas
905 1504 1031 1557 mentes
1045 1493 1163 1557 dicitur
1176 1493 1291 1557 immn-

340 1606 437 1672 tasse,
449 1616 486 1659 eo
502 1594 591 1678 quod
605 1604 670 1659 arte
682 1596 861 1669 verborum,
872 1602 905 1655 et
917 1614 1022 1657 rerum
1037 1595 1138 1675 gratia
1151 1593 1293 1658 alliceret

342 1705 467 1759 mentes
481 1696 657 1773 hominum,
674 1706 705 1759 et
720 1716 786 1759 sure
802 1695 958 1757 voluntati
972 1695 1152 1759 conformes
1165 1696 1200 1757 in
1214 1715 1292 1757 usus

341 1796 504 1878 quoslibet
532 1795 774 1859 transformaret.
828 1794 955 1857 Graecis
982 1795 1091 1877 itaque
1123 1794 1293 1877 propinata

339 1894 1139 1979 suntsuspectaevenenaroluptatis3sedesquum
1148 1894 1291 1978 prudens

342 2005 499 2076 gustasset
514 1998 656 2075 Ithacus,
670 1996 775 2061 noluit
789 1997 911 2073 bibere,
922 2018 963 2059 ne
977 1998 1038 2061 sub
1051 1996 1180 2061 domina
1191 2018 1291 2061 mere·

339 2097 418 2161 trice
434 2098 535 2181 turpis
558 2110 590 2163 et
611 2119 727 2163 excors
742 2099 847 2161 vivere
863 2106 1037 2178 cogeretur.
1081 2100 1199 2163 Verum
1216 2098 1293 2183 quia

339 2200 497 2282 sapientia
511 2220 616 2263 rerum
631 2200 774 2263 omnium
791 2200 882 2265 novit
896 2220 1001 2275 usum,
1017 2199 1156 2282 providit
1167 2201 1216 2263 vir
1230 2201 1291 2265 cir·

339 2312 557 2383 cumspectus‚
573 2301 672 2365 finitis
694 2301 859 2365 laboribus
873 2312 907 2365 et
921 2301 1091 2380 erroribus,
1105 2324 1202 2385 quum
1218 2324 1291 2367 eum

340 2402 456 2485 pudica
469 2404 644 2487 Penelope,
660 2414 693 2465 et
706 2404 841 2467 affectus
855 2403 1042 2467 Telemachi
1056 2425 1123 2467 non
1138 2424 1291 2485 agnosce·

339 2511 388 2568 ret
415 2514 633 2581 revertentem,
662 2502 825 2586 quomodo
864 2503 982 2567 damna
1011 2505 1182 2583 sociorum,
1211 2527 1292 2589 quos

341 2606 420 2671 tanti
435 2606 526 2671 exilii
548 2605 751 2689 dispendium
767 2607 893 2680 tulerat,
908 2608 1044 2671 Graeciae
1060 2620 1291 2691 compensaret.

340 2705 537 2771 Admiranda
550 2708 651 2771 suerat
665 2705 748 2771 fides
763 2706 864 2779 canis,
877 2706 929 2769 eui
943 2706 1003 2768 soli
1014 2707 1048 2771 iu
1064 2717 1152 2769 tanta
1162 2706 1292 2783 familia,

338 2828 401 2869 nee
429 2807 544 2887 viginti
572 2828 725 2871 annorum
754 2806 923 2883 curricula,
948 2808 1130 2869 memoriam
1159 2806 1291 2887 domiui,

338 2906 418 2989 quin
440 2906 583 2971 redeunti
606 2907 825 2990 applauderet,
848 2906 1058 2985 abstulerunt,
1074 2906 1138 2969 uisi
1158 2904 1198 2969 de
1220 2906 1291 2991 ejus

340 3006 446 3084 laude,
468 3008 602 3071 canibus
624 3019 810 3073 venatorum
836 3010 938 3089 gratia
963 3008 1093 3071 ulterius
1117 3008 1290 3073 resultaret

340 3108 373 3169 N
375 3106 425 3175 ori
437 3119 543 3173 tamen
555 3107 655 3169 studii
671 3108 903 3171 Telemachum
914 3130 1008 3171 snum
1018 3109 1123 3171 rivere
1138 3110 1291 3195 praecepit

337 3218 513 3291 expertem,
528 3209 592 3271 illis
615 3208 693 3273 solis
715 3208 829 3273 dicens
851 3211 948 3272 allata
969 3231 1040 3274 esse
1061 3232 1153 3273 novas
1176 3214 1289 3296 volup·

339 3310 413 3374 tatis
442 3310 567 3386 solatia,
597 3310 653 3393 qui
682 3310 809 3373 arnissis
837 3312 1022 3393 parentibus
1050 3311 1183 3393 Trojani
1211 3312 1290 3375 belli

338 3410 455 3475 damna
470 3412 631 3477 sentirent.
678 3412 774 3475 Unde
796 3424 829 3473 et
850 3420 949 3473 artem
968 3411 1196 3473 infructuosam
1218 3433 1287 3478 esse

337 3510 487 3593 conjicio,
499 3531 596 3593 quam
611 3512 652 3575 ab
668 3512 764 3575 unico
775 3512 842 3575 lilio
854 3522 961 3575 tantus
971 3510 1017 3573 vir
1027 3509 1149 3575 studuit
1159 3531 1289 3594 seques·

241 3626 244 3632 '
338 3623 429 3675 trare.
475 3612 571 3685 Quod
586 3614 636 3677 rel
652 3634 695 3675 ex
717 3634 755 3675 eo
770 3634 897 3676 mecum
911 3613 1077 3697 conjicies,
1091 3611 1180 3697 quod
1202 3612 1290 3677 dete·

336 3714 400 3777 rior
425 3734 522 3777 sexus
545 3714 579 3777 in
604 3713 710 3779 avium
733 3714 900 3777 venatione
925 3714 1031 3797 potior
1055 3724 1114 3778 est.
1158 3717 1197 3779 In
1224 3737 1289 3801 quo

336 3826 462 3896 poteras
483 3827 629 3877 naturam
652 3834 792 3895 arguere,
814 3815 876 3877 nisi
898 3835 1014 3877 nosces
1036 3815 1112 3899 qnia
1134 3815 1289 3882 deteriora
1351 3899 1353 3903 ,

334 3935 462 3997 semper
475 3914 625 3996 proniora
640 3912 770 3977 suntad
785 3914 938 3997 rapinam.
983 3914 1094 3977 Inanis
1108 3917 1225 3979 etenim
1240 3929 1290 3983 est

336 4027 369 4081 et
395 4016 567 4079 admodum
595 4017 765 4091 laboriosa,
792 4026 825 4079 et
850 4036 923 4098 quoe
948 4014 1065 4080 damna
1093 4031 1289 4101 sumptuum,

335 4139 501 4201 nunquam
531 4139 738 4181 successuum
777 4118 912 4183 utilitate
940 4128 1138 4200 compenset.
1175 4120 1289 4185 ¹Licet

334 4220 464 4302 plurimi
485 4220 684 4283 renationem
711 4230 894 4295 exerceant,
916 4228 953 4284 ut
976 4220 1037 4285 sub
1064 4240 1104 4283 eo
1129 4232 1289 4303 praetextu

335 4330 482 4402 sumptus
511 4319 630 4385 faciant
658 4319 829 4403 parciores,
855 4318 943 4383 dorni
972 4320 1080 4395 rarius,
1106 4320 1223 4403 sapius
1252 4321 1285 4382 in
