3425 5367
261 743 267 754 ·
311 751 387 797 car.
403 735 494 813 v111.]
670 751 924 798 consonuimus.
1206 742 1270 799 247

308 901 461 966 Alterum
483 923 620 986 namque
638 903 785 988 justitiae,
804 903 939 966 alterum
960 901 1089 987 pietatis
1111 915 1169 980 est,
1189 923 1264 988 quae

306 1002 388 1067 adeo
408 1004 545 1089 principi
565 1004 751 1068 necessariae
774 1017 861 1080 suot,
877 1016 914 1067 ut
937 1003 1082 1088 quisquis
1104 1003 1179 1066 sine.
1191 1003 1264 1081 illis,

307 1126 369 1168 non
393 1105 490 1169 modo
512 1104 740 1191 principatum,
763 1103 820 1170 sed
842 1103 1019 1190 quemlibet
1043 1104 1264 1189 magistratum

311 1205 471 1283 vendicet,
486 1206 608 1270 frustra
612 1229 661 1288 ,se
680 1208 784 1292 ipsum
806 1205 949 1280 irrideat,
966 1205 1066 1270 sedet
1083 1205 1216 1268 aliorum
1233 1205 1266 1270 in

305 1331 339 1370 se
362 1321 512 1393 provocet
542 1307 655 1383 risum,
681 1320 889 1386 contemtum,
915 1321 947 1372 et
973 1307 1091 1371 odium.
1138 1307 1264 1372 Miseri·

306 1409 424 1484 cordia,
446 1409 566 1494 inquit,
588 1421 621 1472 et
643 1411 760 1473 veritas
780 1431 843 1472 non
867 1421 898 1472 te
920 1409 1078 1484 deserant,
1101 1409 1263 1474 circumda

299 1510 359 1574 'eas
373 1513 500 1595 gutturi
514 1520 584 1588 tuo,
597 1522 630 1574 et
650 1509 752 1574 scribe
772 1531 825 1573 eas
838 1510 871 1572 in
888 1509 1005 1574 tabulis
1026 1509 1131 1572 cordis
1153 1511 1214 1586 tui,
1229 1524 1262 1575 et

308 1609 453 1676 invenies
466 1608 615 1696 gratiam,
629 1623 662 1674 et
674 1609 874 1696 disciplinam
892 1610 1005 1674 bonam
1022 1631 1127 1673 coram
1144 1613 1215 1674 Deo
1229 1623 1261 1674 et

307 1711 503 1776 homiuibus.
558 1712 673 1777 Gratia
698 1733 837 1797 namque
862 1711 1000 1776 debetur
1027 1709 1263 1788 misericordia,

301 1813 439 1896 justitia
454 1811 630 1898 disciplina.
676 1813 802 1898 Utique
814 1813 920 1898 gratia
941 1825 974 1876 et
995 1833 1084 1876 amor
1104 1811 1263 1896 subjecto-

307 1936 390 1990 rum,
405 1935 503 1999 qnam
525 1913 636 1978 divina
657 1913 804 1998 producit
827 1914 944 1998 gratia,
966 1913 1122 1999 optimum
1144 1913 1262 1976 instru-

306 2026 449 2078 mentum
469 2027 517 2078 est
536 2017 676 2080 omnium
696 2013 920 2098 gerendorum.
967 2012 1030 2076 Sed
1044 2025 1076 2078 et
1092 2035 1181 2077 amor
1195 2013 1261 2078 sine

306 2115 474 2202 disciplina
487 2137 550 2178 uon
566 2115 703 2201 proficit,
716 2116 795 2201 quia
813 2129 955 2180 cessante
969 2114 1107 2200 justitiae
1122 2115 1262 2194 stimulo,

305 2217 447 2304 populus
462 2242 496 2283 se
509 2218 543 2282 iu
558 2217 670 2283 illicita
680 2217 820 2282 resolvit.
859 2216 1040 2282 Meditatur
1051 2241 1128 2304 ergo
1137 2219 1262 2308 jugiter

305 2318 503 2403 sapientiam,
517 2331 549 2382 et
569 2318 611 2382 de
625 2341 663 2382 ea
683 2319 727 2382 sic
744 2318 905 2404 justitiam
927 2331 1091 2404 operatur,
1105 2319 1193 2405 quod
1209 2319 1261 2384 lex

305 2419 480 2484 clementiae
502 2442 626 2505 semper
644 2432 691 2484 est
712 2419 745 2483 in
764 2419 875 2504 lingua
895 2420 983 2505 ejus:
1012 2433 1044 2483 et
1065 2421 1109 2483 sic
1127 2420 1262 2484 clemen-

304 2520 381 2585 tiam
401 2533 558 2605 temperat
577 2521 665 2604 rigor
682 2519 830 2605 justitias,
845 2520 931 2605 quod
954 2519 1063 2606 lingua
1084 2521 1153 2606 ejus
1170 2521 1260 2608 judi-

304 2621 388 2686 cium
404 2619 557 2705 loquitur.
603 2619 716 2684 Officio
730 2642 868 2705 namque
884 2619 954 2705 ejus
969 2621 1099 2704 justitia
1118 2621 1149 2684 in
1167 2621 1257 2706 judi·

306 2720 389 2784 dum
410 2720 560 2794 vertitur,
582 2742 620 2782 ea
641 2718 772 2804 quidem
796 2721 992 2793 necessitate,
1010 2731 1046 2784 ut
1062 2742 1174 2785 vacare
1195 2741 1260 2785 non

306 2820 409 2898 liceat,
434 2819 514 2904 quin
545 2818 684 2904 seipsum
715 2817 775 2882 sibi
803 2817 918 2883 collato
946 2817 1099 2882 destituat
1128 2818 1257 2886 honore.

305 2921 419 2984 Honor
429 2919 544 2984 etenim
561 2918 645 3004 regis
654 2917 814 3003 judicium
831 2917 948 3002 diligit,
958 2933 990 2982 et
1002 2916 1258 3004 delinquentium

303 3019 415 3106 culpas
429 3019 603 3106 tranquilla
618 3020 732 3086 mentis
750 3019 967 3085 moderatione
981 3019 1161 3105 compescit.
1206 3022 1258 3086 De
1356 3060 1359 3068 -

303 3122 549 3208 magistratuum
577 3121 793 3188 moderatione
818 3121 936 3186 librum
965 3121 1068 3188 fertur
1096 3121 1256 3208 scripsisse

303 3222 508 3300 Plutarchus,
526 3224 584 3310 qui
605 3223 789 3288 inscribitur
806 3223 1119 3308 Archigrammaton,
1140 3236 1172 3288 et
1193 3247 1258 3288 ma·

301 3324 472 3409 gistratum
488 3347 554 3390 suae
570 3325 668 3403 urbis,
679 3324 720 3388 ad
732 3324 918 3410 patientiam
933 3335 965 3389 et
974 3323 1111 3410 justitia
1122 3323 1258 3404 cultum,

302 3427 408 3490 verbis
431 3425 606 3491 instituisse
636 3425 757 3490 dicitur
781 3437 814 3490 et
841 3423 1005 3510 exemplis.
1056 3425 1122 3490 Hic
1150 3437 1256 3490 autem

303 3548 428 3591 servum
454 3527 605 3608 habebat,
627 3527 785 3590 hominem
811 3548 950 3612 nequam
972 3539 1005 3592 et
1027 3539 1256 3604 contumacem,

303 3639 335 3690 et
357 3627 542 3692 liberalibus
563 3625 738 3714 disciplinis
763 3626 926 3691 eruditum
953 3627 1091 3712 egregie,
1114 3639 1147 3692 et
1168 3649 1257 3690 exer-

302 3726 434 3794 citatum
450 3728 526 3793 satis
544 3729 576 3792 in
597 3727 870 3815 disputationibus
890 3727 1128 3814 philosophicis.
1173 3731 1257 3794 Con·

303 3828 377 3914 tigit
399 3843 434 3894 nt
453 3829 496 3894 ob
517 3829 738 3915 nescioquam
760 3851 888 3904 noxam,
906 3828 935 3891 ei
956 3831 1094 3892 tunicam
1117 3828 1254 3904 detrahi,

301 3929 447 4016 emdique
456 3930 586 4016 juberet
604 3929 807 3996 Plutarchus.
838 3929 927 3992 Loro
940 3942 1079 4013 coeperat
1096 3929 1254 3994 verberari
1345 3919 1348 3926 ¹

301 4027 494 4106 duriuscule,
509 4051 611 4114 quum
634 4043 739 4094 tamen
761 4027 957 4094 inficiaretur
979 4029 1118 4115 culpam,
1133 4029 1251 4105 dicens,

302 4148 335 4190 se
354 4127 434 4190 nihil
453 4127 554 4212 egisse
575 4127 662 4206 mali,
678 4127 756 4192 nihil
779 4125 905 4192 sceleris
926 4127 1100 4206 admisisse,
1115 4143 1147 4194 et
1161 4129 1249 4194 oblo-

302 4226 462 4310 quebatur
476 4251 509 4292 se
523 4228 634 4294 multis
647 4228 841 4294 demeruisse
853 4227 1016 4314 obsequiis
1028 4241 1064 4294 ut
1077 4231 1252 4316 vapularet.

303 4330 468 4392 Postremo
492 4351 593 4412 quum
616 4351 678 4395 non
701 4331 881 4415 proliceret,
906 4329 1068 4396 vociferari
1091 4334 1199 4418 coepit,
1223 4345 1252 4398 et
