3425 5367
282 761 352 805 our.
368 744 437 818 un]
628 760 882 807 eonrcnsricus.
1198 754 1240 812 63

285 909 381 975 etiam
397 913 575 987 sanitatem,
591 923 648 975 aut
669 912 905 997 aegritudinem,
921 926 977 978 aut
997 925 1128 995 statum,
1144 938 1240 1001 quern

286 1012 399 1075 dicunt
422 1012 671 1090 neutralitatem,
694 1013 883 1079 fatalitatem
907 1038 1037 1101 quoque
1059 1016 1172 1102 ipsam,
1198 1040 1238 1081 ex

284 1112 539 1200 praecedentibus
550 1114 648 1199 signis
659 1128 847 1200 agnoscunt,
856 1130 888 1180 et
901 1115 1074 1194 interdum,
1086 1121 1114 1183 si
1128 1140 1239 1183 causas

285 1218 440 1291 noverint,
451 1216 665 1281 efficacissime
676 1229 799 1283 curant.
831 1216 864 1281 Si
876 1239 951 1282 vero
961 1218 1009 1297 (ut
1021 1219 1119 1283 verbo
1130 1242 1238 1285 eorum

216 1386 220 1393 ⁴
287 1322 369 1400 utar)
385 1338 496 1381 causas
515 1316 674 1402 ignorant,
689 1318 852 1403 quomodo
870 1322 1007 1383 curant?
1036 1320 1108 1384 Non
1126 1319 1239 1406 utique

286 1418 365 1482 artis
379 1418 543 1498 beneficio,
556 1419 612 1483 sed
628 1420 777 1484 fortunae.
812 1422 836 1483 J
839 1419 981 1484 udicium
997 1444 1082 1498 vero,
1094 1421 1181 1508 quod
1198 1445 1239 1486 ex

287 1518 451 1604 signorum
481 1519 660 1605 cognitione
689 1520 870 1606 proferunt,
899 1522 960 1585 etsi
990 1520 1128 1600 difficile,
1155 1546 1240 1607 aaepe

288 1620 486 1685 verissimum
502 1634 560 1685 est.
605 1621 722 1686 Multis
745 1645 875 1707 quoque
896 1622 991 1707 signis
1012 1623 1239 1709 tranquillitas,

288 1736 321 1788 et
348 1726 445 1787 variae
472 1735 696 1809 tempestatum
725 1724 837 1787 formae
867 1722 1141 1811 procellarumque
1169 1748 1242 1811 pro-

288 1825 423 1902 duntur,
444 1848 517 1911 quae
540 1826 626 1891 velut
649 1826 681 1889 in
704 1826 832 1913 specula
856 1827 961 1892 Lunae
982 1828 1070 1893 orbis
1090 1827 1241 1894 insinuat.

290 1928 439 1994 Ostendit
462 1951 599 2014 namque
617 1928 816 1995 rubicundus
837 1929 925 1993 color
947 1942 1070 2008 ventos,
1086 1930 1242 1995 caeruleus

289 2029 425 2116 pluvias,
438 2052 478 2095 ex
494 2042 633 2116 utroque
645 2030 837 2095 commixtus
852 2031 977 2097 nimbos
990 2030 1121 2108 indicat,
1133 2031 1242 2095 furen-

290 2143 401 2215 tesque
424 2130 587 2215 procellas.
627 2130 740 2195 Laetus
766 2142 855 2196 ortus
883 2131 1083 2197 serenitatem
1107 2133 1244 2219 navigiis

289 2230 493 2317 repromittit,
514 2254 610 2318 quam
633 2244 738 2317 gestat
762 2232 867 2311 vultu,
888 2232 1050 2321 praecipue
1076 2234 1101 2298 si
1128 2248 1243 2320 quarto

289 2348 373 2411 ortu,
398 2339 425 2399 is
451 2335 534 2399 enim
560 2348 672 2401 auctor
695 2336 889 2401 certissimus
911 2350 971 2414 est,
994 2360 1099 2422 neque
1120 2338 1243 2403 obtusis

290 2436 439 2500 cornibus
462 2436 570 2513 rutila,
586 2458 690 2522 neque
708 2436 815 2500 infuso
836 2436 936 2501 fuerit
957 2440 1089 2502 humore
1107 2436 1241 2503 fuscata.

291 2540 384 2601 Tunc
399 2538 480 2601 enim

397 2652 481 2706 Totus
494 2660 520 2707 et
531 2652 577 2707 ille
589 2654 654 2719 dies,
666 2655 749 2724 etqui
761 2660 898 2707 nascentur
910 2653 1009 2720 abillo,

398 2740 528 2792 Exactum
539 2740 574 2791 ad
585 2757 701 2791 mensem
712 2745 791 2793 rento
802 2739 939 2811 pluviaque
950 2738 1084 2792 carebunt.

295 2842 349 2905 Sol
369 2865 499 2927 quoque
521 2840 657 2905 candens
678 2842 809 2907 interest
833 2853 943 2905 utrum
965 2839 1144 2926 aequalibus
1164 2864 1241 2926 gau·

294 2944 369 3006 dest
398 2942 506 3018 radiis,
536 2965 575 3005 an
605 2944 729 3029 objecta
755 2943 841 3007 nube
870 2942 992 3020 rutilet,
1018 2954 1126 3006 utrum
1153 2941 1246 3006 solito

295 3043 463 3131 splendore
479 3040 633 3129 fulgidus,
648 3068 688 3109 an
704 3046 808 3109 ventis
831 3044 1021 3130 urgentibus
1035 3044 1160 3130 igneus,
1174 3044 1246 3108 nive

294 3148 335 3211 sit
351 3146 497 3233 pallidus,
512 3170 551 3211 an
568 3148 678 3230 pluvia
694 3147 734 3212 sit
750 3148 953 3235 impendente
968 3148 1154 3212 maculosus.
1182 3151 1246 3211 Aer

295 3271 380 3328 vero,
395 3260 426 3311 et
442 3271 527 3311 mare
542 3248 645 3334 ipsum
669 3249 870 3333 nubiumque
892 3248 1092 3333 magnitudo,
1107 3247 1158 3311 vel
1178 3270 1247 3333 spe-

295 3348 358 3413 cies
383 3347 556 3433 plurimum
584 3348 722 3411 afferunt
746 3347 973 3413 instructionis.
1020 3347 1082 3410 Sed
1105 3361 1137 3411 et
1159 3370 1245 3422 aves,

296 3462 328 3513 et
347 3450 460 3535 pisces,
485 3450 669 3514 futurorum
691 3448 867 3513 certissima
887 3447 1029 3535 produnt
1049 3446 1150 3532 signa,
1173 3469 1245 3532 quae

297 3553 449 3638 Virgilius
464 3565 496 3617 ct
513 3552 664 3617 Lucanus
679 3552 788 3616 divino
808 3550 1083 3637 comprehendunt
1098 3549 1244 3635 ingenio;

199 3709 201 3717 .
297 3655 351 3719 sed
367 3670 398 3721 et
410 3659 512 3720 Varro
526 3655 559 3718 in
575 3655 664 3721 libris
679 3654 857 3735 navalibus,
870 3654 946 3720 dum
963 3654 1101 3719 solicitos
1115 3653 1246 3720 instruit

296 3771 419 3823 nautas.

296 3946 375 4034 Cap.
392 3952 423 4011 3.
448 3948 625 4029 Signorum
648 3948 714 4010 alic
736 3966 803 4009 esse
825 3948 1033 4021 universalia,
1057 3947 1123 4008 alin
1142 3947 1247 4028 parti-

393 4051 521 4113 colaria
533 4075 544 4113 .·
566 4049 691 4131 etquid
703 4050 866 4131 significet
876 4049 1053 4131 geminatio
1067 4048 1162 4113 Solis.

339 4183 418 4259 Qun
434 4206 509 4247 vero
524 4184 555 4247 in
572 4182 636 4247 sole
650 4195 682 4247 et
698 4182 775 4247 luna
795 4182 970 4247 secundum
994 4195 1141 4248 naturam
1157 4184 1249 4269 signa

298 4284 500 4369 contigerint,
522 4285 696 4350 certissima
719 4295 804 4361 sunt,
829 4296 862 4349 et
887 4296 1052 4349 auctorum
1075 4285 1250 4351 multorum

300 4384 478 4451 testimonio
499 4388 715 4474 comprobata.
761 4387 899 4451 “Solem
919 4385 993 4471 quis
1007 4384 1111 4449 dicere
1133 4385 1249 4451 falsum
