3425 5367
425 741 486 801 las
682 753 818 800 maurus
833 751 1111 800 saansaarmusrs
1237 737 1321 818 [crs.
1336 757 1374 804 11.

424 991 503 1076 Cap.
526 995 579 1054 25.
613 991 706 1066 Quod
729 997 959 1072 arpumeatam
984 1013 1007 1054 a
1031 992 1124 1074 eiquo
1150 1011 1209 1056 ruo
1237 1014 1305 1058 non
1330 1002 1378 1060 est

466 1093 690 1166 necessarium,
712 1097 744 1155 et
762 1093 803 1155 de
823 1091 980 1172 Erectio,
1001 1093 1120 1168 Achab,
1142 1100 1174 1157 et
1195 1095 1375 1169 lvs'ns'citim

466 1199 498 1256 et
510 1193 596 1276 quod
607 1213 644 1256 eo
661 1213 732 1274 quo
746 1194 987 1276 dgnisicontrm
1004 1195 1127 1258 mutari
1136 1204 1282 1276 munt.

467 1328 536 1393 Suu
561 1327 645 1392 forte
674 1325 887 1391 familiaribus
912 1327 1030 1391 veritas
1054 1326 1200 1412 loquens,
1223 1334 1298 1394 Non
1328 1344 1375 1394 est

426 1441 577 1508 vestrum,
596 1432 651 1504 ait,
675 1441 712 1492 ut
732 1440 853 1492 tantam
881 1429 1127 1514 proemgativam
1152 1429 1274 1510 alienis,
1295 1444 1376 1516 puta

425 1527 673 1604 Mathematicis,
702 1541 887 1594 reservaret.
948 1530 1040 1606 Esto,
1072 1530 1099 1593 si
1135 1543 1241 1594 tamen
1274 1531 1377 1596 fidelis

423 1630 547 1696 animus
571 1630 753 1717 acquiescit.
800 1631 863 1694 Sed
889 1644 1021 1716 quanta,
1044 1644 1085 1696 ut
1104 1631 1295 1717 praedictum
1316 1645 1376 1709 est,

423 1741 471 1794 est
485 1730 556 1797 brec
570 1730 730 1796 certitudo
745 1732 909 1816 signorum
921 1735 934 1794 ἓ
969 1732 1094 1817 Nempe
1110 1754 1210 1816 quum

668 1839 745 1906 signa
756 1843 860 1891 mestus

529 1923 676 1976 Deseruere
688 1938 757 1985 snos,

422 2046 540 2089 novum
552 2021 673 2107 aliquid
685 2020 827 2086 creditur
838 2021 1012 2086 imminere.
1052 2026 1127 2088 Non
1139 2021 1221 2086 enim
1232 2047 1373 2111 eousque

421 2125 590 2202 contendo,
612 2137 720 2190 utres
741 2147 873 2209 magnas
894 2123 990 2188 nullis
1012 2146 1154 2210 unquam
1177 2127 1302 2192 credam
1325 2129 1371 2192 in·

421 2225 513 2290 diciis
522 2223 805 2311 preveniri,quum
816 2225 849 2288 in
859 2223 972 2298 sole,et
981 2224 1106 2304 luna,et
1114 2226 1192 2311 ipsis
1200 2227 1375 2307 elementis,

421 2339 454 2391 et
475 2338 590 2391 ornatu
613 2347 735 2403 eorum,
758 2324 820 2390 rim
842 2325 1085 2409 significativam
1107 2348 1127 2389 a
1148 2328 1288 2392 Domino
1306 2352 1374 2394 esse

421 2426 597 2490 didicerim.
634 2427 796 2492 Caeterum
811 2439 911 2490 artem
926 2449 1004 2504 esse,
1019 2450 1085 2512 qua
1099 2429 1174 2514 quis
1188 2429 1229 2493 de
1243 2428 1373 2504 futuris,

421 2529 462 2594 ad
482 2529 590 2592 omnia
607 2529 804 2614 interrogata
825 2550 937 2592 verum
957 2529 1160 2614 respondeat,
1174 2544 1231 2595 aut
1246 2530 1373 2595 omnino

421 2653 484 2696 non
513 2651 591 2710 esse,
616 2642 672 2696 aut
701 2630 843 2696 nondum
873 2630 1048 2697 innotuisse
1076 2630 1269 2710 hominibus,
1295 2631 1373 2696 mibi

421 2734 596 2799 multorum
630 2733 831 2811 auctoritate,
861 2746 894 2798 et
929 2733 1063 2810 ratione,
1092 2755 1278 2820 persuasum
1314 2746 1372 2798 est.

421 2834 517 2910 Quod
533 2835 558 2898 si
573 2833 633 2900 tibi
650 2833 840 2920 persuadere
859 2856 922 2898 non
939 2856 1082 2919 possum,
1096 2834 1300 2900 obstantibus
1314 2833 1374 2914 his,

419 2959 494 3021 quae
509 2935 587 3000 mibi
602 2935 642 3000 de
651 2934 863 3021 providentia,
871 2947 904 2998 et
915 2934 994 3012 fato,
1005 2935 1220 3000 indesinenter
1228 2936 1374 3022 opponis,

418 3037 562 3121 mihique
573 3035 827 3123 repugnantibus
837 3034 1005 3120 exemplis,
1018 3058 1092 3120 quae
1102 3036 1144 3100 de
1156 3037 1253 3101 variis
1267 3036 1372 3100 adfers

419 3136 576 3208 historiis;
600 3136 743 3221 persuasi
762 3148 868 3200 tamen
889 3134 978 3210 mihi,
994 3135 1070 3199 huic
1090 3157 1154 3198 non
1174 3141 1373 3221 acquiescere

420 3237 562 3302 vanitati.
595 3237 668 3302 Non
683 3236 831 3324 equidem
844 3237 1008 3322 signorum
1024 3236 1289 3321 signatorumque
1303 3260 1372 3303 eam

419 3338 644 3404 cohaerentiam
659 3338 808 3416 arbitror,
823 3349 862 3403 ut
876 3335 1013 3402 alterum
1028 3360 1068 3401 ex
1083 3336 1184 3401 altero
1198 3337 1374 3400 necessario

419 3449 641 3527 consequatur.
687 3440 755 3503 Cur
776 3443 822 3504 ita
843 3438 1046 3518 crediderim,
1066 3436 1126 3501 nisi
1149 3450 1181 3501 te
1206 3437 1372 3502 curialium

418 3563 513 3626 nugae
537 3541 692 3615 detinent,
720 3539 804 3604 audi.
856 3541 929 3602 Rex
954 3536 1112 3600 Ezechias
1136 3538 1304 3622 aegrotarit
1330 3537 1373 3602 ad

419 3653 563 3706 mortem.
608 3641 662 3702 An
684 3660 747 3702 non
769 3636 873 3702 credis
895 3657 1001 3720 regem
1028 3637 1052 3699 J
1055 3637 1120 3700 uda
1141 3636 1302 3702 medicum
1323 3641 1373 3703 in·

418 3739 554 3818 venisse,
574 3740 630 3825 qui
652 3737 763 3814 urinoe,
786 3750 819 3802 et
840 3736 963 3822 pulsus,
986 3749 1019 3802 et
1040 3736 1268 3824 multiplicium
1290 3760 1383 3823 prae·-

418 3842 637 3929 gnosticorum
667 3838 796 3917 indicio,
826 3839 929 3903 morbi
957 3837 1210 3925 deprehenderet
1246 3842 1372 3926 quanti·

421 3948 539 4010 tatem?
577 3941 702 4008 Deinde
716 3963 901 4028 responsum
925 3939 1037 4006 mortis
1051 3940 1135 4005 forte
1154 3928 1318 4026 acceperat
1339 3940 1373 4004 in

419 4071 551 4134 corpore
559 4069 630 4123 suo,
642 4044 697 4132 qui
706 4068 744 4108 eo
754 4067 857 4131 usque
866 4043 1042 4130 perductus
1050 4057 1109 4121 est,
1122 4057 1159 4108 ut
1169 4066 1202 4107 se
1213 4043 1371 4107 victurum

419 4148 554 4214 ulterius
569 4169 632 4213 non
645 4159 795 4233 speraret.
827 4148 994 4210 Postremo
1003 4144 1143 4231 Spiritus
1151 4156 1280 4208 sanctus
1289 4165 1372 4206 mor-

419 4265 482 4316 tem
513 4248 683 4315 nunciabat
713 4260 814 4312 astate
845 4268 911 4333 proe
939 4246 1071 4311 foribus.
1119 4245 1213 4322 Quod
1245 4244 1371 4329 signum

416 4353 537 4420 certius
551 4351 690 4438 quaeris?
728 4348 814 4426 Quid
830 4363 955 4414 certum
969 4360 1028 4426 est,
1045 4362 1081 4414 ut
1098 4346 1139 4412 de
1153 4346 1225 4411 aliis
1240 4359 1372 4418 taceam.
