3425 5367
324 735 394 783 cle.
410 720 460 798 x.]
674 734 930 782 consessurcus.
1216 723 1277 793 189

429 884 526 940 Vultus
536 885 612 938 adest
623 886 751 957 precibus,
763 885 896 955 faciesque
907 887 1007 939 incesta
1019 892 1129 956 perorat.

325 984 432 1055 Quum
447 1003 521 1045 vero
530 983 637 1046 Julius
648 985 743 1045 rebus
758 983 906 1046 humanis
918 994 1088 1067 exemptus
1100 991 1195 1062 esset,
1205 1005 1277 1068 quae

323 1083 461 1146 Romani
489 1083 688 1166 imperatoris
714 1083 864 1166 conjugio
889 1084 992 1148 fuerat
1021 1085 1163 1166 gloriata,
1188 1086 1276 1168 prin·

325 1187 407 1269 cipis
422 1186 641 1249 Romanorum
655 1207 734 1248 ausa
748 1197 796 1249 est
810 1189 960 1250 affectare
976 1187 1169 1250 servitutem.
1204 1189 1276 1251 Nec

324 1289 448 1364 frustra,
463 1307 564 1369 quum
579 1287 622 1350 ad
632 1288 743 1350 omnia
751 1298 897 1370 paratum
908 1289 1082 1352 invenisset
1093 1290 1275 1352 Antonium.

325 1389 466 1451 Putabat
479 1388 566 1450 enim
588 1388 630 1451 ad
654 1389 814 1452 Caesarem
830 1389 963 1470 gloriam
979 1389 1040 1452 sibi
1062 1391 1143 1453 nihil
1159 1391 1277 1468 defore,

326 1488 354 1551 si
367 1489 488 1551 lectum
508 1488 578 1572 ejus
599 1489 794 1567 ascenderet,
811 1487 865 1573 qui
885 1511 1051 1553 successor
1064 1512 1168 1554 rerum
1184 1493 1277 1554 Pom-

325 1589 404 1673 peii,
414 1597 447 1651 et
457 1599 493 1651 ut
503 1589 673 1652 simulabat
681 1588 765 1671 juris
776 1588 1038 1671 Caesarei,magis
1050 1591 1091 1653 de
1103 1593 1278 1656 temeritato

327 1691 473 1766 sonunae,
499 1709 595 1772 quam
625 1690 666 1753 de
697 1690 820 1754 virtutis
849 1691 1048 1754 conscientia
1076 1692 1278 1770 confidebat:

326 1791 427 1853 Porro
441 1810 540 1873 quum
555 1789 597 1852 ad
611 1789 834 1854 solicitandum
852 1792 1028 1872 Augustum
1044 1791 1206 1855 muliebris
1220 1793 1278 1856 im-

328 1890 493 1975 pudicitioe
502 1890 638 1956 audacia
649 1892 831 1970 accesisset,
840 1912 898 1974 spe
908 1913 965 1954 sua
975 1892 1130 1970 frustrata,
1141 1914 1280 1957 amorem

327 1991 507 2054 honestatis
527 1991 684 2074 reputavit
707 1990 865 2074 injuriam,
888 1992 1027 2056 castitati
1049 2015 1168 2057 nomen
1191 1995 1280 2058 dedit

328 2093 496 2175 superbias,
519 2093 704 2177 bellumque
729 2094 866 2158 credidit
887 2094 1097 2158 indicendum
1120 2097 1161 2174 ei,
1184 2119 1279 2181 quem

326 2195 415 2260 Julio
430 2195 557 2260 Caesara
571 2208 706 2280 experta
720 2196 822 2259 fuerat
837 2196 1008 2260 fortiorem.
1053 2197 1174 2261 Omnes
1195 2197 1278 2260 enim

330 2297 468 2360 nocendi
477 2308 561 2361 artes
572 2318 721 2379 aggressa
731 2308 791 2376 cst,
799 2297 994 2381 tandemque
1006 2309 1112 2381 capta,
1124 2310 1157 2363 et
1167 2321 1279 2383 provo·

328 2398 396 2460 luta
417 2397 458 2460 ad
480 2396 579 2480 pedes
593 2398 741 2478 Augusti,
755 2398 849 2461 etiam
874 2406 950 2462 tuuc
974 2399 1145 2462 solicitavit
1167 2402 1279 2464 oculos

328 2496 431 2560 ducis.
476 2496 541 2560 Sed
557 2497 672 2560 frustra
692 2496 830 2580 quidem.
883 2498 968 2560 Nam
988 2498 1195 2580 pulchritudo
1211 2499 1280 2584 ejus

326 2597 409 2659 infra
422 2595 612 2679 pudicitiam
636 2595 791 2678 principis
806 2596 877 2659 suit.
923 2597 1017 2669 Quod
1038 2599 1093 2661 ubi
1116 2599 1282 2682 desperata

329 2718 365 2760 se
387 2696 429 2760 ad
450 2697 646 2779 triumphum
662 2697 790 2759 victoris
811 2697 966 2780 praenorit
986 2700 1149 2772 reservari,
1171 2699 1280 2764 incau-

328 2799 443 2862 tiorem
468 2807 565 2860 nacta
589 2795 780 2872 custodiam,
802 2817 939 2876 egressa,
965 2819 999 2861 se
1021 2799 1054 2861 in
1077 2801 1280 2864 Mausoleum

330 2920 441 2980 regum
466 2899 598 2980 recepit,
619 2897 727 2981 ibique
752 2898 964 2962 nobilissimis
987 2921 1029 2963 ex
1054 2922 1141 2964 more
1167 2901 1282 2966 induta

330 3000 483 3072 cultibus,
495 2998 650 3061 odoribus
661 2999 862 3081 conquisitis,
871 2999 1016 3083 solioque
1028 3001 1149 3065 divitiis
1163 3025 1280 3088 usque·

330 3121 458 3186 quaque
480 3100 607 3177 referto,
621 3121 655 3163 se
672 3099 771 3183 juxta
792 3121 884 3163 suum
907 3103 1075 3166 collocavit
1094 3105 1280 3186 Antonium,

329 3213 362 3266 et
375 3201 526 3266 mamillis
538 3201 689 3286 senisque
705 3202 772 3265 suis
787 3224 954 3286 apponens
970 3205 1109 3288 aspides,
1121 3207 1167 3270 sic
1179 3220 1281 3272 morte

330 3305 421 3388 quasi
435 3323 550 3367 somno
572 3304 712 3366 resoluta
725 3313 784 3366 est.
828 3305 929 3386 Psylli
952 3305 1124 3389 siquidem,
1146 3311 1283 3390 Augusti

330 3402 481 3466 mundato
498 3401 647 3478 adhibiti,
662 3401 718 3486 qui
739 3401 894 3464 malitiam
910 3404 1025 3466 veneni
1045 3406 1149 3468 solent
1163 3408 1282 3488 linguis

331 3503 479 3580 educere,
493 3525 532 3567 eo
553 3502 642 3586 quod
659 3523 730 3566 sero
744 3503 850 3566 vocati
873 3513 992 3582 esseut,
1007 3525 1102 3588 opem
1119 3507 1196 3571 ferre
1217 3530 1282 3572 uou

330 3606 505 3668 valuerunt.
550 3606 662 3686 Digna
682 3605 813 3689 quidem
833 3606 881 3669 sic
901 3606 1003 3688 perire
1024 3609 1172 3672 meretrix
1187 3631 1282 3674 vene·

331 3725 423 3782 nosa,
444 3717 522 3769 nata
542 3727 645 3770 mores
670 3728 884 3792 corrumpere,
904 3709 1124 3793 nobiliumque
1144 3711 1282 3775 virorum

330 3805 516 3888 pudicitiam
530 3827 725 3890 expugnare.
767 3808 915 3872 Profecto
930 3819 1024 3872 antea
1039 3811 1167 3890 regibus
1181 3812 1280 3895 impe-

330 3918 463 3985 nrerat,
476 3907 681 3992 postmodum
700 3910 826 3987 misera,
840 3931 901 3974 uec
922 3910 1110 3974 miserabilis
1126 3912 1188 3974 sibi
1203 3888 1282 3978 forte

332 4007 505 4090 tragicum,
538 4007 596 4071 sed
633 4009 782 4072 Romano
810 4010 953 4094 imperio,
983 4011 1070 4094 quod
1100 4014 1283 4080 subvertere

330 4109 531 4188 moliebatur,
546 4109 647 4174 finem
665 4111 834 4176 comicum
849 4112 934 4176 secit.
980 4115 1068 4176 luter
1087 4125 1203 4180 caetere
1217 4117 1283 4182 cla·

330 4208 466 4272 rioribus
481 4211 617 4292 Augusti
640 4212 741 4276 titulis
761 4225 1017 4291 connumeratur,
1033 4216 1119 4298 quod
1135 4216 1168 4278 in
1184 4227 1282 4280 tantae

332 4308 433 4390 pestis
457 4328 642 4390 congressu,
668 4311 785 4376 mansit
813 4313 963 4378 invictus.
1007 4317 1222 4382 Veruntamen
1248 4319 1282 4382 in
