3425 5367
448 673 492 736 20
712 688 849 733 ausurus
864 689 1144 734 sanusuunrsusrs
1277 673 1361 748 [urs.
1377 688 1405 732 r.

449 842 597 927 mysteria
620 841 716 905 variis
741 842 966 923 figmentorum
991 843 1165 905 involucris
1186 842 1402 911 obtexentes;

447 946 494 1009 sic
510 954 617 1009 tamen
633 955 668 1007 ut
691 966 732 1009 ex
749 946 874 1008 cautela
895 946 1050 1007 malorum
1074 944 1248 1008 utilitatem
1268 941 1403 1005 induce·

448 1054 528 1123 rent,
550 1054 605 1109 aut
627 1066 670 1108 ex
690 1046 799 1128 lepore
824 1045 978 1127 poematis
998 1036 1203 1127 voluptatem.
1249 1046 1289 1107 In
1312 1062 1406 1107 auras

449 1147 561 1229 itaque
588 1157 713 1229 raptum
736 1145 866 1209 tradunt
890 1147 930 1208 ab
955 1146 1064 1229 aquila
1087 1146 1286 1210 Dardanium
1308 1165 1403 1207 vena·

449 1258 550 1311 torem
566 1246 608 1311 ad
629 1248 758 1330 pocula,
774 1269 793 1310 a
807 1246 926 1329 quibus
946 1246 987 1311 ad
1007 1248 1139 1311 illicitos
1160 1258 1193 1311 et
1210 1248 1406 1311 innaturales

449 1350 600 1413 transiret
611 1350 789 1432 amplexus.
822 1349 997 1430 Eleganter
1005 1350 1129 1433 utique,
1141 1371 1240 1433 quum
1251 1359 1282 1412 et
1291 1348 1403 1410 levitas

448 1449 520 1511 ferri
545 1449 648 1532 possit
674 1450 715 1512 ab
741 1449 826 1523 alite,
853 1461 885 1511 et
910 1450 1058 1532 voluptas
1085 1450 1266 1513 sobrietatis
1291 1449 1404 1529 ignara

448 1550 668 1635 cujuscunque
691 1547 818 1613 libidini
843 1551 992 1633 prostitui
1016 1572 1082 1614 non
1108 1551 1275 1614 erubescit.
1322 1549 1402 1611 Dux

450 1652 626 1716 Thebanus
643 1654 708 1716 visa
730 1652 874 1715 nuditate
894 1653 980 1715 illius
1002 1675 1098 1737 quam
1117 1654 1152 1715 in
1170 1654 1259 1715 silvis
1277 1670 1402 1733 semper

449 1755 601 1833 coluerat,
611 1775 709 1836 quum
720 1756 760 1816 ab
773 1774 877 1815 errore
888 1754 1005 1835 pedem
1017 1754 1066 1816 sui
1080 1762 1245 1816 revocaret
1259 1754 1403 1828 affectus,

447 1855 507 1916 sub
533 1854 673 1917 humano
700 1872 795 1914 sensu
821 1874 854 1914 se
881 1853 915 1914 iu
945 1854 1081 1916 bestiam
1106 1854 1228 1935 stupuit
1252 1854 1401 1916 transfor·

447 1964 579 2030 matum,
592 1953 757 2035 cervisque
773 1953 955 2031 conformis,
969 1975 1066 2036 quum
1083 1953 1277 2017 domesticos
1292 1976 1402 2033 canes,

445 2075 524 2117 voce
544 2064 577 2117 ot
596 2054 685 2115 vultu
707 2052 859 2115 niteretur
881 2054 1018 2134 abigere,
1036 2054 1114 2116 vitio
1136 2076 1243 2137 pravae
1266 2077 1401 2119 consue-

445 2154 578 2233 tudinis,
600 2155 697 2218 totius
717 2154 908 2217 substantiae
929 2177 994 2218 suae
1016 2155 1196 2239 dispendio,
1216 2156 1399 2221 eorumdem
1426 2212 1430 2218 .

443 2256 603 2319 morsibus
629 2255 741 2339 patuit.
787 2257 832 2317 Et
856 2256 936 2319 forte
958 2255 1065 2319 Deam
1091 2257 1295 2321 venatoribus
1318 2280 1400 2341 prae·

443 2357 557 2433 ferunt,
574 2358 651 2441 quia
664 2358 799 2421 mollitie
815 2357 876 2421 hac
893 2360 943 2420 vel
957 2354 1079 2421 malitia
1091 2358 1181 2421 Deos
1197 2380 1273 2423 suos
1288 2362 1396 2423 volue-

443 2469 516 2522 runt
537 2460 699 2523 infamare.
745 2460 825 2543 Apri
848 2460 997 2523 dentibus
1017 2462 1196 2524 extinctum
1216 2461 1397 2526 Adonidem

444 2558 542 2623 deflet
550 2560 671 2637 Venus,
680 2559 804 2623 habens
813 2581 938 2642 semper
947 2569 1020 2624 c'um
1030 2562 1198 2625 venatione
1207 2564 1257 2625 vel
1267 2564 1398 2628 robusta

444 2662 681 2725 commercium.
720 2661 808 2723 Dum
823 2664 918 2725 Maro
934 2662 1139 2745 Carthaginis
1154 2665 1226 2727 altae
1236 2663 1398 2747 jocaretur

443 2765 630 2849 hospitium,
653 2765 828 2828 amantium
854 2776 929 2829 vota
955 2767 1124 2831 conciliare
1150 2767 1305 2845 nescivit;
1334 2768 1399 2831 nisi

444 2867 490 2929 eis
513 2870 553 2930 ab
579 2868 816 2950 opportunitate
842 2867 979 2930 venandi
1003 2867 1133 2950 dilapsu
1155 2870 1321 2943 comitum,
1344 2870 1398 2933 sil·

444 2988 551 3029 varum
567 2968 706 3029 latebras
723 2976 884 3028 reseraret·
923 2965 976 3028 Sic
993 2966 1072 3028 forte
1088 2970 1163 3049 quia
1177 2970 1318 3033 studium
1333 2972 1396 3034 hoc

443 3087 463 3129 a
483 3065 682 3127 couscientia
700 3064 908 3146 turpitudinis
928 3065 997 3125 odit
1015 3066 1131 3142 lucem,
1147 3068 1230 3130 sicut
1248 3090 1266 3130 e
1286 3081 1397 3135 contra

440 3164 575 3247 legitimi
592 3164 707 3228 amoris
723 3163 849 3247 gaudia,
866 3166 1026 3229 solemnes
1040 3165 1124 3227 lucis
1144 3188 1209 3229 suae
1225 3169 1396 3249 praesemnt

442 3268 552 3334 taedas.
587 3269 690 3341 Quem
706 3268 784 3331 mihi
800 3267 893 3331 dabis
905 3267 1042 3330 virorum
1057 3267 1239 3347 illustrium,
1250 3269 1305 3352 qui
1321 3270 1394 3335 huic

441 3372 598 3457 voluptati
614 3372 817 3435 vehementer
830 3369 993 3433 iuhaeserit
1006 3369 1017 3431 l

547 3488 650 3541 Fixerit
661 3487 799 3557 aeripedem
811 3502 912 3537 cervam
922 3484 995 3550 licet,
1007 3489 1053 3537 aut
1066 3486 1220 3555 Erymanthi

549 3571 664 3625 Placarit
676 3588 783 3623 nemora

441 3673 543 3735 victor
567 3667 709 3743 Alcides,
725 3688 790 3729 non
812 3669 968 3751 voluptati
991 3690 1068 3744 suae,
1084 3670 1142 3735 sed
1162 3674 1301 3757 publicar
1321 3698 1393 3761 pro-

441 3772 550 3857 spexit
569 3770 708 3833 utilitati.
753 3770 876 3852 Aprum
892 3769 1069 3835 Calidoniae
1089 3777 1258 3839 vastaverit
1272 3779 1394 3846 Melea·

440 3896 505 3957 ger,
519 3894 585 3939 non
600 3872 708 3935 mulsit
724 3871 865 3935 animum
880 3874 1058 3958 voluptate,
1072 3874 1129 3939 sed
1149 3876 1242 3940 hoste
1257 3881 1393 3961 patriam

438 3975 596 4041 liberavit.
640 3972 771 4037 Fuderit
794 3981 907 4037 auctor
925 3976 1064 4038 Romani
1084 3978 1209 4058 generis
1229 4000 1394 4045 cervorum

439 4098 582 4161 corpora,
606 4096 670 4137 non
695 4096 786 4137 vanae¹
810 4077 983 4159 voluptatis
1008 4078 1166 4155 solatium,
1189 4078 1246 4141 sed
1273 4079 1334 4143 sibi
1361 4093 1395 4147 et

438 4179 534 4244 sociis
558 4177 705 4261 quaesivit
727 4176 915 4257 suffragium
937 4176 1022 4239 vitae.
1068 4178 1175 4261 Opera
1195 4179 1393 4262 singulorum

438 4305 481 4347 ex
498 4290 625 4359 eventu,
636 4289 668 4343 et
680 4278 845 4362 proposito
857 4280 1040 4343 colorantur
1048 4299 1057 4352 3
1080 4300 1131 4343 res
1142 4282 1265 4366 quippe
1275 4282 1395 4351 decora
