3425 5367
313 698 385 742 can.
402 680 471 759 xv.]
660 697 914 744 contemnens.
1203 682 1263 743 321

311 849 385 932 quis
393 849 540 933 iniquum
549 849 684 924 lucrum,
695 851 746 912 rel
757 848 908 911 damnrrm
923 848 1047 925 sentiat,
1059 850 1261 931 praecavebit.

310 949 466 1032 Congruit
481 950 567 1013 enim
579 951 666 1013 bono
680 960 713 1013 et
725 952 811 1031 gravi
825 948 967 1033 praesidi,
979 970 1088 1013 curare
1100 958 1136 1013 ut
1147 964 1262 1032 pacata

309 1058 343 1112 et
363 1051 471 1134 quieta
490 1050 532 1114 sit
549 1051 733 1135 provincia:
763 1050 850 1134 quod
868 1048 962 1113 facile
986 1049 1145 1113 obtinebit
1166 1050 1193 1113 si
1209 1072 1261 1113 ro·

307 1151 396 1215 licite
428 1162 513 1234 agat,
547 1162 583 1215 ut
607 1152 700 1215 malis
729 1151 916 1214 hominibus
948 1149 1114 1231 provincia
1147 1164 1263 1229 carcat,

307 1271 428 1335 eosque
443 1252 619 1335 conquirat.
657 1252 741 1314 Nam
756 1260 789 1313 et
804 1250 987 1330 sacrilegos,
1001 1250 1152 1323 latrones,
1165 1250 1260 1329 fures,

307 1352 476 1434 plagiarios
500 1352 687 1435 conquirere
712 1350 819 1426 debet,
845 1360 878 1412 et
901 1358 997 1431 prout
1020 1349 1154 1431 quisque
1181 1350 1258 1413 deli-

308 1452 422 1535 querit,
437 1452 470 1513 in
486 1472 558 1514 enm
574 1449 835 1527 animadvertere,
845 1456 1122 1532 receptatoresque
1138 1470 1259 1527 eorum,

308 1552 378 1614 sine
402 1552 520 1635 quibus
547 1552 626 1613 latro
649 1549 770 1612 diutius
792 1550 890 1612 latere
915 1570 979 1611 non
1003 1557 1116 1632 potest.
1162 1552 1259 1613 Omni

307 1672 382 1715 vero
402 1651 459 1735 jus
482 1650 627 1715 reddenti
653 1648 886 1713 observandum
913 1661 971 1727 est,
994 1651 1084 1713 utin
1108 1649 1257 1713 adeundo

308 1752 437 1836 quidem
457 1750 582 1815 facilem
600 1771 635 1813 se
655 1752 806 1833 praebeat,
827 1747 884 1812 sed
908 1751 1070 1813 contemni
1090 1770 1154 1811 non
1175 1750 1257 1833 psti-

307 1862 387 1913 atur.
431 1851 528 1916 Unde
550 1849 707 1915 mandatis
729 1850 886 1933 adjicitur,
909 1872 950 1913 ne
974 1850 1128 1933 praesides
1151 1850 1183 1912 in
1207 1852 1255 1913 ul·

306 1951 452 2015 teriorem
469 1952 713 2015 familiaritatem
727 1951 939 2035 provinciales
954 1950 1131 2015 admittant.
1171 1951 1257 2015 Nam

306 2074 349 2116 ex
368 2054 606 2117 conversatione
626 2053 753 2137 aequali,
767 2053 966 2135 contemptio
988 2052 1130 2116 nascitur
1151 2050 1255 2133 digni-

305 2155 389 2219 tatis.
432 2155 478 2218 Et
498 2155 680 2219 summatim
697 2155 743 2218 ita
762 2153 819 2237 jus
842 2152 936 2217 reddi
963 2154 1071 2230 debet,
1091 2162 1126 2216 ut
1145 2160 1254 2215 aucto·

304 2255 429 2319 ritatem
459 2255 621 2337 dignitatis
646 2255 777 2337 ingenio
803 2276 863 2317 suo
889 2264 1013 2336 augeat.
1071 2253 1137 2318 Sed
1163 2262 1195 2317 et
1223 2255 1255 2316 in

305 2354 545 2437 cognoscendo,
566 2374 627 2416 nec
653 2351 890 2415 excandescere
915 2353 1065 2415 adversus
1087 2374 1153 2431 ecs,
1175 2375 1275 2437 quos·

304 2457 407 2519 malos
420 2463 523 2538 putat,
534 2474 595 2517 nec
610 2454 760 2535 precibus
771 2452 1028 2516 calamitosorum
1042 2454 1255 2536 illachrymari

305 2566 438 2638 oportet.
483 2554 524 2617 ld
543 2554 628 2617 enim
642 2574 708 2617 non
723 2565 773 2618 est
789 2554 965 2617 constantis
979 2564 1011 2617 et
1030 2554 1108 2617 recti
1121 2552 1256 2637 judicis,

306 2656 398 2741 cujus
422 2664 546 2718 motum
571 2654 668 2719 animi
693 2654 800 2717 vultus
826 2654 956 2737 detegit.
1002 2654 1089 2727 Quid
1114 2655 1255 2717 enimin

304 2758 371 2820 riro
386 2757 474 2837 gravi
489 2756 672 2835 deformius,
685 2776 783 2840 quam
798 2755 824 2819 si
840 2755 882 2818 ad
897 2776 1004 2820 auram
1016 2778 1107 2839 genn
1122 2758 1256 2841 pallent,

305 2859 389 2922 cutis
407 2858 442 2921 in
462 2880 556 2941 rugas
575 2859 784 2934 contrahitur,
798 2858 977 2922 scintillant
998 2860 1094 2937 oculi,
1110 2860 1255 2923 turbatur

303 2962 427 3037 vultus3
448 2971 504 3024 aut
518 2960 546 3025 si
561 2960 751 3041 sanguinem
769 2959 863 3023 faciei
881 2960 928 3023 ira
942 2959 1101 3039 accendit,
1115 2970 1148 3025 et
1162 2961 1255 3045 qusai

304 3060 450 3125 excludit
463 3062 499 3125 in
520 3060 736 3145 superficiem,
751 3061 933 3145 spumantia
954 3072 1140 3145 torquentur
1157 3062 1254 3139 labia,

304 3162 435 3227 brachia
449 3162 626 3247 jactantur,
647 3162 767 3226 saliunt
788 3162 901 3245 pedes,
920 3183 1036 3247 corpus
1056 3162 1202 3247 trepidat,
1223 3172 1256 3225 et

305 3272 372 3326 toto
390 3274 481 3345 gestu
499 3284 565 3325 non
585 3272 651 3326 tam
672 3264 786 3325 iratum
808 3264 968 3347 exprimit,
983 3285 1077 3347 quarn
1098 3266 1255 3327 insanum.

303 3362 396 3427 Certe
406 3384 506 3447 quum
515 3363 595 3426 tales
603 3362 709 3441 rideo,
718 3362 896 3447 compatior
904 3363 977 3441 illis,
985 3364 1127 3449 mihique
1137 3375 1255 3435 metuo,

303 3475 424 3527 memor
452 3463 634 3542 hominum,
664 3484 746 3547 quos
775 3463 810 3525 in
842 3462 954 3527 Africa
989 3484 1069 3544 esse,
1102 3465 1136 3527 in
1173 3464 1255 3527 libro

303 3564 454 3629 naturalis
482 3564 623 3627 historiae
653 3562 740 3647 apud
771 3564 912 3627 Plinium
939 3564 1051 3629 didici.
1095 3564 1256 3629 Dicuntur

304 3666 390 3728 enim
404 3663 592 3729 effascinare
608 3684 687 3729 voco
702 3675 735 3729 et
749 3665 872 3746 lingua,
888 3676 923 3730 ut
938 3666 965 3729 si
984 3667 1159 3751 impensius
1175 3666 1254 3730 forte

302 3762 503 3827 laudaverint
516 3764 665 3847 pulchras
687 3766 827 3839 arbores,
843 3776 968 3846 segetes
983 3767 1184 3845 amoeniores,
1198 3768 1253 3829 lae-

302 3863 399 3927 tiores
412 3862 559 3939 infantes,
571 3886 672 3948 equos
687 3866 842 3947 egregios,
855 3865 997 3949 pecudes
1011 3878 1105 3947 pastu
1115 3876 1149 3929 et
1163 3868 1253 3929 cultu

303 3964 451 4045 optimas,
464 3977 594 4047 repento
608 3964 795 4037 moriantur,
810 3976 866 4027 aut
884 3976 1026 4047 pereant.
1070 3966 1097 4031 F
1097 3966 1253 4029 ascinatio

303 4087 431 4150 quoque
444 4069 609 4131 oculomm
624 4066 764 4130 exitialis
778 4076 838 4129 est.
882 4067 991 4131 Refert
1005 4067 1089 4131 idem
1105 4069 1252 4133 homines

303 4187 373 4231 esse
387 4168 420 4229 in
437 4166 588 4249 illyricis,
603 4168 658 4251 qui
672 4166 860 4230 interimant
874 4167 1023 4247 videndo,
1038 4190 1118 4254 quos
1134 4170 1253 4235 diutius

303 4268 374 4331 irati
397 4266 542 4331 viderint.
587 4269 719 4352 anque
739 4269 829 4351 ipsos
848 4288 962 4343 mares,
978 4270 1176 4355 feminasque
1193 4274 1249 4355 qui

350 4385 422 4429 vot.
440 4385 490 4429 111.
781 4387 803 4429 Υ
