3425 5367
325 687 395 732 ose.
410 670 508 750 svin]
665 685 921 732 eonrcnmrccs.
1241 672 1283 730 at

325 859 423 924 quarn
438 837 468 902 ei
483 835 643 902 Dominus
657 835 852 922 inspirabat:
876 836 932 902 sed
943 836 1040 914 absit,
1055 850 1093 902 ut
1108 838 1283 903 sanitatem

324 942 406 1006 banc
420 939 452 1004 in
475 952 575 1004 artem
592 937 751 1024 redegerit
773 939 822 1003 sir
842 953 983 1018 sanctus,
997 940 1057 1026 qui
1078 940 1150 1026 lege
1171 941 1283 1026 Moysi

324 1040 522 1128 prohibitum
549 1063 617 1106 esse
645 1053 790 1114 noverat,
817 1064 857 1106 ne
885 1043 1030 1108 fidelium
1056 1042 1132 1128 quis
1160 1044 1284 1108 somnia

325 1154 531 1230 sequeretur:
579 1142 679 1206 sciens
706 1143 819 1228 ntique
849 1143 1017 1210 satellitem
1048 1144 1210 1218 Satlrsnae,
1238 1144 1282 1208 sd

324 1245 560 1310 subversionem
584 1245 760 1320 hominnm,
782 1249 816 1310 in
837 1245 986 1330 angelum
1008 1247 1090 1312 lucis
1110 1249 1284 1330 transfigu-

323 1346 398 1426 rari,
411 1360 445 1412 et
464 1345 675 1410 immissiones
694 1346 763 1410 lieri
781 1369 839 1432 per
861 1346 992 1432 angelos
1009 1346 1120 1412 malos
1156 1347 1281 1434 Josepb

323 1469 455 1534 quoque
469 1446 670 1533 conjectandi
685 1451 791 1532 gratia
808 1445 947 1533 AEgypti
967 1447 1187 1534 principatum
1199 1449 1283 1514 obti-

326 1549 408 1626 nuit,
434 1561 468 1614 et
493 1569 590 1635 quem
616 1549 731 1613 iratres
759 1549 852 1633 quasi
876 1548 919 1612 de
942 1549 1064 1612 invidia
1089 1550 1284 1614 somniorum

324 1649 492 1714 venditum
525 1647 708 1729 Ismaelitis,
737 1648 915 1714 obnoxium
952 1651 1095 1714 fenerant
1122 1652 1283 1730 servituti,

324 1750 448 1837 digitus
474 1749 606 1816 Domini
631 1773 694 1814 non
720 1749 826 1814 minus
849 1750 1010 1836 jucundo,
1034 1773 1134 1836 quam
1163 1752 1284 1817 salubri

326 1852 489 1940 mysterio,
500 1851 641 1917 revelata
654 1852 735 1918 facie
749 1851 948 1930 futurorum,
958 1875 1035 1938 quse
1049 1875 1084 1916 se
1097 1853 1168 1938 regi
1180 1852 1286 1938 quies·

325 1951 410 2019 oenti
424 1952 630 2038 ingesserant,
644 1955 738 2039 quasi
752 1952 895 2039 quodam
915 1955 1110 2017 somniorum
1125 1952 1284 2033 vehiculo,

323 2057 364 2122 de
378 2056 525 2144 squalore
538 2057 683 2134 cerneris,
699 2057 731 2123 in
747 2058 838 2144 regni
852 2056 1019 2142 fastigium
1031 2055 1230 2135 sublimavit,
1244 2069 1283 2121 nt
1385 2117 1395 2130 ,

324 2181 387 2224 non
407 2158 504 2224 modo
525 2157 606 2224 liber
625 2158 667 2224 de
686 2181 790 2237 servo,
811 2158 866 2222 sed
888 2158 1043 2224 nobilium
1061 2171 1096 2224 et
1112 2179 1281 2245 prooemm

324 2262 458 2346 primus,
473 2284 539 2326 uno
559 2275 682 2328 tantum
700 2263 789 2346 regni
811 2260 932 2326 seilicet
946 2260 1026 2324 solio
1046 2260 1283 2347 poeoederetur

325 2387 345 2427 a
358 2387 442 2450 rege.
473 2363 567 2441 Quod
584 2363 735 2450 utiquesi
750 2363 791 2428 de
806 2365 957 2429 humanae
967 2364 1133 2448 sapientie
1145 2362 1282 2428 artifieio

325 2467 509 2552 contingere
539 2467 706 2551 potuisset,
737 2465 878 2552 aliquem
914 2465 1114 2530 decessorum
1149 2489 1281 2531 suornm

325 2581 399 2634 ante
414 2590 488 2634 eum
511 2567 665 2632 meruisse
687 2567 887 2646 crediderim,
901 2566 954 2632 vel
972 2565 1136 2632 scientiam
1157 2590 1282 2653 prome-

324 2670 413 2736 rendi
437 2671 541 2734 virum
564 2681 721 2745 sanctum,
743 2681 776 2734 et
798 2669 930 2755 pietatis
951 2668 1070 2734 affecta
1089 2668 1236 2753 plenum,
1254 2669 1282 2732 si

324 2793 387 2836 non
409 2771 552 2836 humano
565 2768 674 2852 generi
695 2768 730 2832 in
744 2790 925 2844 summoue,
939 2769 1028 2854 quod
1050 2780 1158 2834 tamen
1179 2773 1281 2855 seqni-

325 2869 401 2936 tatis
426 2883 518 2947 esset,
542 2867 698 2932 iratribus
722 2879 756 2932 et
781 2867 856 2932 filiis
884 2867 977 2932 facile
1004 2867 1186 2954 putaverim
1210 2870 1284 2935 reli·

324 2971 443 3058 quisse.
490 2966 545 3032 Ad
566 2968 636 3032 haee
652 2968 783 3052 Moyses
803 2967 949 3034 eruditus
968 2968 1002 3032 in
1022 2970 1111 3034 omni
1126 2970 1282 3058 sapientia

324 3068 553 3156 AEgyptiornm
579 3067 660 3132 hano
685 3079 785 3132 artem
811 3081 870 3134 ant
898 3068 1032 3135 nescivit
1060 3082 1119 3135 ant
1148 3076 1284 3158 sprevit,

325 3194 425 3260 quum
449 3194 531 3248 eam,
552 3169 730 3256 impietatis
751 3192 889 3234 errorem
911 3169 1098 3247 detestatus,
1118 3195 1139 3236 a
1159 3174 1282 3260 populo

324 3275 384 3339 Dei
399 3272 611 3340 exterminare
625 3274 795 3336 curaverit.
839 3275 1001 3338 Praeterea
1020 3285 1149 3339 sanctus
1163 3276 1281 3342 Daniel

324 3375 506 3462 disciplinas
524 3387 556 3440 et
571 3372 759 3460 sapientiam
779 3372 893 3438 didicit
914 3373 1162 3448 chaldeorum
1191 3377 1281 3462 qnod

324 3478 438 3564 ntique
466 3489 595 3542 sanctus
621 3476 671 3540 vir
696 3497 760 3540 non
784 3475 922 3555 fecisset,
947 3473 974 3539 si
998 3474 1167 3560 gentilium
1188 3477 1282 3544 disci-

323 3577 418 3662 plinis
432 3576 557 3650 instrui,
573 3575 761 3642 credidisset
776 3575 915 3663 peccatis
928 3575 1185 3644 adscribendum.
1209 3581 1280 3646 Ha-

323 3677 459 3765 buitqne
479 3677 668 3742 eruditionis
690 3678 871 3764 participes,
892 3701 974 3764 quos
995 3677 1074 3764 legis
1092 3693 1126 3745 et
1143 3681 1281 3768 justitie

325 3781 386 3846 Dei
413 3804 446 3846 se
474 3780 636 3866 gaudebat
666 3779 783 3846 babere
807 3794 976 3846 oonsortes
1032 3782 1139 3847 Simul
1162 3786 1280 3850 etenim

323 3883 488 3952 disoebant
510 3883 662 3960 Ananias,
679 3883 821 3962 Asarias,
837 3883 964 3962 Misael,
979 3884 1136 3971 quioquid
1156 3897 1281 3972 poterat

322 3984 433 4050 dooere
464 3984 657 4052 Chaldaeus:
698 3985 791 4052 simul
821 4009 841 4050 a
870 4008 979 4050 mensa
1005 3998 1039 4051 et
1071 4009 1093 4050 a
1120 3989 1281 4074 regalibus

324 4088 426 4174 epulis
443 4088 655 4166 abstinebant,
672 4088 760 4176 quod
783 4088 959 4177 inspirabat
981 4089 1084 4156 Dens·
1127 4091 1280 4180 Aooeptia

326 4189 538 4274 leguminibus
572 4191 692 4277 pariter
724 4191 961 4270 reficiebantur,
990 4190 1108 4258 eisdem
1137 4195 1279 4260 contenti

326 4305 416 4358 eraut
438 4293 559 4359 militiae
574 4317 642 4360 snae
664 4293 840 4381 stipendiis,
854 4293 923 4378 regi
946 4315 1010 4358 nna
1032 4292 1281 4360 famulabantur.
