3425 5367
493 758 512 815 2
745 770 880 817 Jonnnus
896 772 1174 821 snaasaumansra

388 910 426 954 *¹*
496 918 616 1005 Siquis
631 930 718 984 amat
732 942 853 998 verum,
870 920 928 986 tibi
943 922 984 987 sit
997 922 1192 1009 gratimimus
1206 927 1330 1015 hospes,

537 1022 581 1087 Et
595 1044 691 1110 quem
707 1022 846 1089 delectat
859 1024 960 1109 gloria
973 1048 1064 1107 vana,
1079 1048 1166 1094 cave.

491 1122 568 1189 Jure
584 1134 767 1210 patronatus
780 1123 873 1189 illum
888 1125 968 1202 cole,
983 1126 1039 1213 qui
1053 1126 1131 1191 velit
1144 1150 1224 1207 esse,

536 1226 579 1291 Et
593 1226 681 1303 sciat,
697 1236 731 1291 et
745 1227 852 1313 possit,
869 1238 955 1292 tutor
969 1229 1090 1315 ubique
1105 1240 1188 1296 tuus.

493 1327 580 1413 Ergo
595 1338 757 1416 quaeratur
771 1329 826 1393 lux
841 1329 929 1412 cleri,
942 1330 1043 1414 gloria
1056 1332 1161 1415 gentis

534 1430 726 1515 Anglorum,
742 1430 824 1515 regis
838 1431 980 1513 dextera,
993 1432 1095 1497 forma
1109 1433 1196 1499 boni.

492 1532 654 1608 Quaesitus
668 1533 758 1618 regni
773 1533 832 1598 tibi
847 1533 1054 1599 cancellarius
1071 1535 1180 1621 Angli,

535 1636 661 1701 Primus
676 1635 810 1700 sollicite
823 1647 933 1701 mente
947 1637 1106 1722 petendus
1120 1638 1190 1702 erit

407 1766 429 1819 (-
490 1738 554 1803 Hic
568 1749 617 1803 est
631 1738 686 1825 qui
702 1737 791 1822 regni
806 1737 894 1823 leges
908 1739 1065 1803 cancellat
1078 1740 1213 1825 iniquas,

404 1840 414 1873 ⁷
532 1840 576 1903 Et
592 1839 741 1903 mandata
756 1838 800 1923 pii
816 1839 966 1922 principis
982 1861 1075 1924 oequa
1090 1840 1176 1903 lacit.

489 1940 523 2005 Si
538 1939 617 2026 quid
630 1939 721 2002 obest
734 1938 863 2023 populu,
879 1938 930 2003 vel
945 1939 1086 2003 moribus
1101 1952 1149 2004 est
1162 1939 1339 2019 inimicum,

530 2040 694 2128 Quicquid
710 2041 743 2104 id
758 2051 815 2116 est,
831 2063 890 2124 per
903 2063 978 2104 eum
993 2040 1110 2105 desinit
1123 2064 1190 2106 esse
1206 2065 1332 2109 nocens.

487 2143 622 2209 Publica
637 2142 765 2228 privatis
780 2142 836 2229 qui
851 2142 982 2227 praelert
995 2145 1164 2208 commoda
1177 2166 1321 2231 semper:

530 2245 691 2331 Quodque
707 2244 809 2308 datin
825 2243 943 2328 plures,
959 2244 1048 2308 ducit
1062 2244 1096 2307 iu
1112 2267 1176 2309 cere
1192 2268 1259 2313 suo.

489 2348 585 2424 Quod
599 2348 655 2411 dat
668 2345 780 2423 habet;
796 2346 881 2431 quod
896 2346 1004 2422 habet,
1016 2346 1120 2431 dignis
1134 2347 1246 2412 donat:
1263 2348 1331 2413 vice
1347 2371 1436 2414 versa

530 2447 673 2533 Spargit3
698 2446 754 2511 sed
769 2468 885 2532 sparsae
902 2447 1154 2533 multiplicantur
1166 2468 1253 2533 opes.

486 2551 596 2638 thue
612 2550 713 2615 virum
731 2548 828 2613 virtus
842 2548 953 2631 animi,
966 2550 1011 2615 sic
1025 2550 1129 2634 gratia
1143 2553 1266 2634 formae,

528 2652 682 2739 Undique
697 2650 880 2715 mirandum
893 2651 1043 2735 gentibus
1056 2673 1125 2717 esse
1140 2652 1225 2719 iacit.

483 2756 609 2821 Tardus
623 2755 663 2819 ad
678 2755 764 2819 huuc
782 2753 909 2839 Samius
923 2754 949 2818 si
963 2765 1066 2819 certet
1080 2754 1229 2821 acumine
1244 2754 1372 2833 mentis,

525 2858 741 2943 Indoctusque
758 2855 861 2933 Plato,
878 2856 1044 2943 Varroque
1059 2856 1174 2923 stultus
1188 2858 1258 2925 erit.

483 2959 581 3024 Curio
596 2959 621 3023 si
636 2969 737 3021 certet
751 2957 866 3037 verbis,
879 2957 1026 3020 vincetur
1039 2956 1081 3019 ab
1096 2956 1181 3041 ips03

527 3060 649 3135 Victus,
664 3058 688 3120 si
705 3067 815 3132 certet,
832 3055 1052 3129 Quintilianus
1065 3056 1136 3121 erit.

483 3161 589 3245 Hujus
603 3180 694 3223 nosse
709 3156 840 3220 domum
857 3177 922 3219 non
936 3168 985 3220 est
999 3178 1049 3219 res
1063 3156 1162 3220 ardua
1170 3180 1180 3232 ;
1203 3158 1304 3223 cuivis

525 3262 600 3326 Non
614 3260 696 3325 duce
711 3257 856 3345 quaesito,
872 3256 987 3321 semita
1000 3255 1076 3321 trita
1090 3266 1188 3341 patet

481 3365 568 3430 Nota
581 3364 695 3428 domus
708 3360 840 3437 cunctis,
856 3359 934 3425 vitio
950 3381 1013 3424 uon
1029 3358 1157 3442 cognita
1169 3358 1229 3424 soli

523 3466 637 3541 Lucet,
653 3465 694 3529 ab
709 3464 768 3527 hac
782 3462 888 3526 lucem
903 3461 1001 3535 dives,
1017 3481 1148 3545 egenus,
1165 3460 1293 3529 habeut.
1363 3497 1366 3501 ·

478 3569 539 3633 Ille
554 3576 642 3652 patet
656 3564 788 3641 miseris,
805 3574 894 3649 petet
907 3574 940 3627 et
953 3563 1069 3629 domus
1082 3562 1138 3629 illa
1152 3564 1265 3642 benus,

523 3668 587 3732 Hic
602 3677 691 3754 patre
706 3666 833 3731 laetatur
847 3665 971 3731 advena
985 3664 1120 3752 quisque
1135 3686 1202 3732 suo.

480 3772 591 3847 Quum
607 3778 745 3833 reserata
759 3767 859 3832 semel
873 3768 971 3832 luerit
984 3768 1044 3833 tibi
1054 3768 1164 3853 janua,
1179 3789 1309 3835 currens

523 3872 577 3937 Ad
592 3871 769 3935 thalamum
785 3869 907 3933 domini
922 3869 1125 3955 progrediere
1141 3869 1198 3936 tui.

477 3975 636 4059 Exspecta
649 3971 726 4036 dum
742 3970 940 4045 turbatim,
956 3990 1030 4055 quae
1045 3968 1146 4035 fervat
1159 3969 1193 4033 in
1208 3968 1292 4050 aule,

522 4076 681 4160 Fessaque
696 4070 894 4141 sintdomiui
906 4069 1052 4134 membra
1066 4067 1203 4133 fovenda
1218 4079 1296 4133 toro.

481 4176 643 4254 Accedes,
659 4173 784 4239 vultum
800 4172 939 4237 mutabis
953 4171 1094 4237 mantica
1109 4192 1212 4255 nugas

520 4277 687 4358 Excutiat3
711 4297 843 4362 peregre
859 4298 945 4339 nuuc
960 4273 1147 4360 peregrinus
1161 4285 1223 4338 eat.

429 4385 435 4399 '
475 4382 549 4446 Non
564 4393 673 4445 temen
688 4376 845 4454 ostendas,
862 4377 970 4442 oculos
985 4376 1072 4461 quod
1086 4375 1237 4461 principis
1252 4387 1333 4457 urat,
