3425 5367
323 740 394 786 cae.
411 724 474 802 ns}
669 737 924 785 ronrcnmcns
1243 728 1286 785 tt

327 889 464 971 probum
490 890 687 976 quandoque
699 856 857 955 'madeas
879 889 1041 953 hilaritate
1060 889 1208 967 mulceri,
1227 891 1284 953 sed

262 972 284 1011 ⁹
326 990 572 1073 ignominiosum
603 1006 652 1055 est
681 992 872 1075 gravitatem
901 990 1125 1075 hujuscemodi
1153 990 1284 1053 lascivia

324 1090 511 1176 frequenter
533 1092 659 1156 resolvi.
699 1094 752 1157 Ab
776 1094 848 1156 istis
872 1114 1004 1177 qnoque
1025 1091 1229 1176 spectandis,
1247 1106 1282 1154 et

322 1192 460 1255 maxime
487 1194 531 1256 ab
559 1194 716 1268 obsoenis
742 1194 801 1256 riri
825 1192 984 1256 arcendus
1007 1205 1057 1255 eat
1084 1193 1210 1266 oculus,
1238 1213 1281 1254 ne

322 1294 551 1358 incontinentia
564 1297 647 1380 ejus,
657 1296 772 1358 mentis
785 1319 918 1381 quoque
931 1295 1167 1379 impudicitiam
1180 1294 1282 1357 fatea-

322 1406 387 1458 tur.
425 1396 568 1479 Egregie
584 1397 744 1480 siquidem
758 1397 950 1479 Sophoclem
968 1397 1138 1459 Praetorem
1156 1396 1282 1480 collega

323 1496 464 1560 Pericles
485 1518 635 1580 arguens,
658 1500 722 1560 ait:
748 1498 850 1559 Deoet
877 1498 1053 1560 Praetorem
1077 1496 1279 1580 Sophoclem,

325 1618 390 1659 non
406 1596 503 1659 modo
526 1619 654 1674 manus,
669 1597 724 1659 sed
748 1611 781 1659 et
803 1596 914 1657 oculos
934 1596 1053 1658 hahere
1072 1595 1281 1658 aontinmtes

324 1700 462 1772 Averte,
482 1697 600 1782 inquit,
622 1697 730 1772 homo,
752 1697 806 1759 cui
825 1697 867 1759 de
887 1697 978 1780 regni
996 1696 1163 1779 majestate
1179 1696 1283 1759 mirlta

324 1798 477 1874 licebant,
498 1798 609 1861 oculos
630 1820 728 1875 meos,
743 1820 784 1860 ne
805 1797 936 1861 rideant
958 1797 1153 1861 vanitatem:
1182 1796 1283 1860 sderrs

324 1898 439 1983 utique
452 1920 564 1962 verum
580 1920 648 1961 esse
663 1896 751 1983 quod
762 1896 843 1961 alius
857 1896 1058 1981 ingemiscit3
1081 1896 1282 1981 quiaoeulus

324 2022 414 2063 meus
437 1998 643 2084 deprredatus
667 2010 716 2061 est
741 2000 879 2061 animam
903 2020 1018 2061 meam.
1062 2001 1279 2061 Veruntamen

322 2100 401 2185 quid
421 2100 453 2163 in
476 2099 611 2184 siugulis
632 2100 735 2186 prosit
756 2099 808 2163 rel
833 2099 957 2174 densat,
978 2099 1106 2162 animm
1127 2100 1279 2185 sapientis

323 2202 471 2278 advertit,
497 2226 555 2266 nec
576 2202 728 2288 apologos
749 2203 883 2288 refugit,
903 2216 962 2266 aut
987 2203 1197 2279 narrationes,
1218 2221 1276 2268 aut

323 2326 524 2391 quaecunque
553 2305 745 2391 spectacula,
770 2304 850 2367 dum
880 2304 1022 2378 virtutis,
1047 2318 1107 2367 aut
1134 2304 1277 2369 honestae

325 2404 474 2469 utilitatis
488 2404 626 2467 habeant
639 2404 899 2468 instrumentum.
930 2406 1037 2467 Sacra
1049 2403 1183 2488 quidem
1192 2427 1279 2467 oom-

325 2505 484 2569 munionis
511 2506 649 2589 gratiam
679 2504 901 2579 histrionibus,
929 2520 963 2569 et
991 2506 1109 2579 mimia,
1134 2505 1214 2569 dum
1240 2509 1277 2570 in
1384 2541 1394 2550 ·

325 2604 445 2671 malitia
465 2618 682 2691 perseverant,
700 2629 742 2670 ex
764 2608 956 2670 auctoritate
976 2621 1107 2692 patrum
1128 2630 1193 2670 non
1209 2631 1278 2671 am·

324 2704 406 2789 bigis
420 2730 488 2770 esse
507 2707 708 2793 praeclusam.
753 2707 853 2769 Unde
867 2707 949 2790 quid
970 2707 1153 2769 fautoribus
1166 2729 1278 2769 eornm

322 2806 488 2869 immineat
508 2806 645 2890 colligis,
666 2806 693 2867 si
716 2806 880 2881 facientes,
901 2820 935 2869 et
955 2809 1188 2869 eonsentientes
1208 2809 1280 2891 pari

324 2924 423 2991 poena
448 2904 560 2967 reoolis
584 2926 651 2966 esse
678 2902 875 2989 plectendos.
918 2905 983 2979 Qui
1008 2904 1140 2983 dorunt,
1163 2905 1281 2991 inquit,

322 3003 654 3089 histrionibus,quare
664 3004 810 3068 donant?
832 3006 906 3068 Hoc
916 3003 1279 3090 utiqueinillisforent,

322 3107 356 3171 in
373 3129 440 3191 quo
455 3105 637 3192 nequissimi
652 3118 738 3171 sunt.
773 3110 899 3193 Nempe
913 3107 972 3194 qui
984 3108 1162 3193 nequitiam
1176 3110 1278 3186 foret,

320 3220 409 3273 estne
421 3208 547 3273 honus?
570 3209 677 3285 Quum
690 3230 767 3271 vero
780 3210 924 3273 omniurn
935 3209 1071 3273 istorum
1081 3210 1123 3273 sit
1132 3210 1276 3286 odibilia,

321 3308 448 3373 illorum
469 3321 574 3374 tamen
598 3309 655 3394 qui
670 3310 776 3373 minus
797 3324 924 3385 meent,
938 3310 1063 3373 malitia
1082 3310 1278 3376 tolerabilior

324 3422 383 3473 etl.

364 3703 445 3786 Cap.
461 3706 492 3765 9.
520 3702 614 3765 Unde
627 3702 757 3765 dicotur
767 3704 985 3784 praerriqtum,
998 3712 1030 3767 et
1044 3704 1233 3787 quiafioerit

695 3804 807 3861 auctor
821 3800 903 3877 ejus.

364 3916 435 3979 Eos
445 3928 553 3979 autem
565 3914 623 4000 qui
635 3916 817 3981 nooentiora
834 3915 1008 4001 prestigia,
1017 3930 1166 4002 artesque
1176 3917 1277 3999 magi-

222 4094 229 4105 ·
321 4038 374 4081 cas
388 4030 421 4081 et
434 4020 537 4081 varias
551 4016 671 4102 species
682 4016 916 4081 mathematice
930 4019 1109 4104 reprobatae
1118 4034 1279 4096 exercent,

320 4118 387 4203 jam
403 4118 528 4203 pridem
548 4116 647 4181 sancti
667 4132 773 4204 patrea
794 4118 836 4182 ab
850 4118 926 4183 aula
945 4120 1084 4183 amoveri
1100 4120 1279 4204 jusserunt,

324 4218 464 4303 eoquod
486 4220 593 4283 omnia
614 4218 682 4283 hae
702 4219 846 4299 artificia,
862 4221 912 4283 vel
931 4221 1040 4305 potius
1056 4218 1223 4293 maleficia,
1237 4242 1278 4281 ex

324 4319 473 4403 pestifera
483 4320 623 4405 quadam
638 4320 854 4387 familiaritate
865 4321 1046 4386 damonum
1057 4334 1091 4385 et
1101 4317 1278 4392 hominum,
