<?xml version="1.0" encoding="UTF-8"?>
<!DOCTYPE html PUBLIC "-//W3C//DTD XHTML 1.0 Transitional//EN"
    "http://www.w3.org/TR/xhtml1/DTD/xhtml1-transitional.dtd">
<html xmlns="http://www.w3.org/1999/xhtml" xml:lang="en" lang="en">
 <head>
  <title>
</title>
<meta http-equiv="Content-Type" content="text/html;charset=utf-8" />
  <meta name='ocr-system' content='tesseract 3.04.00' />
  <meta name='ocr-capabilities' content='ocr_page ocr_carea ocr_par ocr_line ocrx_word'/>
</head>
<body>
  <div class='ocr_page' id='page_1' title='image "./operaomnianuncp04johngoog_0116.png"; bbox 0 0 3425 5367; ppageno 0'>
   <div class='ocr_carea' id='block_1_1' title="bbox 338 733 1287 813">
    <p class='ocr_par' dir='ltr' id='par_1_1' title="bbox 338 733 1287 813">
     <span class='ocr_line' id='line_1_1' title="bbox 338 733 1287 813; baseline -0.003 -16"><span class='ocrx_word' id='word_1_1' title='bbox 338 753 408 797; x_wconf 79' lang='lat' dir='ltr'><strong>cnr.</strong></span> <span class='ocrx_word' id='word_1_2' title='bbox 424 733 510 813; x_wconf 71' lang='lat' dir='ltr'><strong>xm]</strong></span> <span class='ocrx_word' id='word_1_3' title='bbox 685 748 940 794; x_wconf 77' lang='lat' dir='ltr'><strong>mnrcmmcus.</strong></span> <span class='ocrx_word' id='word_1_4' title='bbox 1226 735 1287 795; x_wconf 74' lang='lat'><strong>1⁰5</strong></span> 
     </span>
    </p>
   </div>
   <div class='ocr_carea' id='block_1_2' title="bbox 264 899 1303 4434">
    <p class='ocr_par' dir='ltr' id='par_1_2' title="bbox 339 899 1290 1086">
     <span class='ocr_line' id='line_1_2' title="bbox 339 899 1289 986; baseline -0.002 -21"><span class='ocrx_word' id='word_1_5' title='bbox 339 903 386 966; x_wconf 86' lang='lat' dir='ltr'><strong>Et</strong></span> <span class='ocrx_word' id='word_1_6' title='bbox 401 900 473 964; x_wconf 89' lang='lat' dir='ltr'><strong>licet</strong></span> <span class='ocrx_word' id='word_1_7' title='bbox 492 900 696 986; x_wconf 86' lang='lat' dir='ltr'><strong>quandoque,</strong></span> <span class='ocrx_word' id='word_1_8' title='bbox 717 921 792 986; x_wconf 70' lang='lat' dir='ltr'><strong>quae</strong></span> <span class='ocrx_word' id='word_1_9' title='bbox 813 899 946 964; x_wconf 82' lang='lat' dir='ltr'><strong>lroneata</strong></span> <span class='ocrx_word' id='word_1_10' title='bbox 964 901 1017 963; x_wconf 86' lang='lat' dir='ltr'><strong>rel</strong></span> <span class='ocrx_word' id='word_1_11' title='bbox 1036 911 1124 962; x_wconf 82' lang='lat' dir='ltr'><strong>reeta</strong></span> <span class='ocrx_word' id='word_1_12' title='bbox 1143 911 1231 977; x_wconf 76' lang='lat' dir='ltr'><strong>sunt,</strong></span> <span class='ocrx_word' id='word_1_13' title='bbox 1250 911 1289 964; x_wconf 89' lang='lat' dir='ltr'><strong>ut</strong></span> 
     </span>
     <span class='ocr_line' id='line_1_3' title="bbox 339 1001 1290 1086; baseline 0 -21"><span class='ocrx_word' id='word_1_14' title='bbox 339 1001 409 1066; x_wconf 82' lang='lat' dir='ltr'><strong>sein</strong></span> <span class='ocrx_word' id='word_1_15' title='bbox 419 1001 488 1064; x_wconf 87' lang='lat' dir='ltr'><strong>loco</strong></span> <span class='ocrx_word' id='word_1_16' title='bbox 498 1001 619 1065; x_wconf 89' lang='lat' dir='ltr'><strong>mundo</strong></span> <span class='ocrx_word' id='word_1_17' title='bbox 629 1001 709 1064; x_wconf 86' lang='lat' dir='ltr'><strong>velle</strong></span> <span class='ocrx_word' id='word_1_18' title='bbox 720 1004 847 1074; x_wconf 83' lang='lat' dir='ltr'><strong>servari,</strong></span> <span class='ocrx_word' id='word_1_19' title='bbox 856 1001 907 1064; x_wconf 85' lang='lat' dir='ltr'><strong>rel</strong></span> <span class='ocrx_word' id='word_1_20' title='bbox 915 1001 1017 1065; x_wconf 79' lang='lat' dir='ltr'><strong>colum</strong></span> <span class='ocrx_word' id='word_1_21' title='bbox 1030 1004 1147 1078; x_wconf 88' lang='lat' dir='ltr'><strong>Deum,</strong></span> <span class='ocrx_word' id='word_1_22' title='bbox 1156 1001 1290 1086; x_wconf 84' lang='lat' dir='ltr'><strong>quando</strong></span> 
     </span>
    </p>

    <p class='ocr_par' dir='ltr' id='par_1_3' title="bbox 264 1102 1300 3218">
     <span class='ocr_line' id='line_1_4' title="bbox 337 1102 1288 1188; baseline -0.001 -22"><span class='ocrx_word' id='word_1_23' title='bbox 337 1102 458 1188; x_wconf 91' lang='lat' dir='ltr'><strong>aliquid</strong></span> <span class='ocrx_word' id='word_1_24' title='bbox 474 1102 630 1188; x_wconf 74' lang='lat' dir='ltr'><strong>quaeritur</strong></span> <span class='ocrx_word' id='word_1_25' title='bbox 643 1102 802 1188; x_wconf 81' lang='lat' dir='ltr'>precibus,</span> <span class='ocrx_word' id='word_1_26' title='bbox 821 1116 853 1166; x_wconf 92' lang='lat' dir='ltr'><strong>et</strong></span> <span class='ocrx_word' id='word_1_27' title='bbox 874 1103 1064 1167; x_wconf 82' lang='lat' dir='ltr'><strong>muneribus</strong></span> <span class='ocrx_word' id='word_1_28' title='bbox 1075 1102 1288 1166; x_wconf 78' lang='lat' dir='ltr'><strong>invocandum</strong></span> 
     </span>
     <span class='ocr_line' id='line_1_5' title="bbox 264 1191 1290 1289; baseline 0.002 -23"><span class='ocrx_word' id='word_1_29' title='bbox 264 1191 268 1198; x_wconf 59' lang='grc'>’</span> <span class='ocrx_word' id='word_1_30' title='bbox 338 1203 513 1289; x_wconf 67' lang='lat' dir='ltr'><strong>praecipiat,</strong></span> <span class='ocrx_word' id='word_1_31' title='bbox 530 1203 661 1287; x_wconf 86' lang='lat' dir='ltr'><strong>maligni</strong></span> <span class='ocrx_word' id='word_1_32' title='bbox 676 1217 782 1268; x_wconf 85' lang='lat' dir='ltr'><strong>tumen</strong></span> <span class='ocrx_word' id='word_1_33' title='bbox 799 1204 931 1288; x_wconf 82' lang='lat' dir='ltr'><strong>spiritus</strong></span> <span class='ocrx_word' id='word_1_34' title='bbox 949 1205 1032 1268; x_wconf 82' lang='lat' dir='ltr'><strong>hanc</strong></span> <span class='ocrx_word' id='word_1_35' title='bbox 1046 1227 1115 1268; x_wconf 81' lang='lat' dir='ltr'><strong>ease</strong></span> <span class='ocrx_word' id='word_1_36' title='bbox 1132 1204 1290 1268; x_wconf 75' lang='lat' dir='ltr'><strong>fallaciam</strong></span> 
     </span>
     <span class='ocr_line' id='line_1_6' title="bbox 290 1303 1292 1388; baseline 0.003 -21"><span class='ocrx_word' id='word_1_37' title='bbox 290 1329 295 1338; x_wconf 92' lang='lat'>·</span> <span class='ocrx_word' id='word_1_38' title='bbox 338 1303 547 1369; x_wconf 81' lang='lat' dir='ltr'><strong>certissimum</strong></span> <span class='ocrx_word' id='word_1_39' title='bbox 570 1317 631 1382; x_wconf 86' lang='lat' dir='ltr'><strong>est,</strong></span> <span class='ocrx_word' id='word_1_40' title='bbox 652 1304 709 1388; x_wconf 92' lang='lat' dir='ltr'><strong>qui</strong></span> <span class='ocrx_word' id='word_1_41' title='bbox 732 1318 770 1368; x_wconf 92' lang='lat' dir='ltr'><strong>ut</strong></span> <span class='ocrx_word' id='word_1_42' title='bbox 791 1306 898 1368; x_wconf 84' lang='lat' dir='ltr'><strong>minus</strong></span> <span class='ocrx_word' id='word_1_43' title='bbox 917 1318 1082 1385; x_wconf 83' lang='lat' dir='ltr'><strong>careatur,</strong></span> <span class='ocrx_word' id='word_1_44' title='bbox 1101 1306 1292 1370; x_wconf 66' lang='lat' dir='ltr'><strong>innocentie</strong></span> 
     </span>
     <span class='ocr_line' id='line_1_7' title="bbox 340 1403 1293 1489; baseline 0.002 -23"><span class='ocrx_word' id='word_1_45' title='bbox 340 1403 389 1466; x_wconf 85' lang='lat' dir='ltr'><strong>vel</strong></span> <span class='ocrx_word' id='word_1_46' title='bbox 397 1403 534 1489; x_wconf 74' lang='lat' dir='ltr'><strong>justitiae</strong></span> <span class='ocrx_word' id='word_1_47' title='bbox 542 1417 703 1488; x_wconf 86' lang='lat' dir='ltr'><strong>praecepta</strong></span> <span class='ocrx_word' id='word_1_48' title='bbox 714 1403 905 1488; x_wconf 89' lang='lat' dir='ltr'><strong>plerumque</strong></span> <span class='ocrx_word' id='word_1_49' title='bbox 913 1405 1044 1468; x_wconf 83' lang='lat' dir='ltr'><strong>videtur</strong></span> <span class='ocrx_word' id='word_1_50' title='bbox 1051 1405 1174 1470; x_wconf 82' lang='lat' dir='ltr'><strong>afferre.</strong></span> <span class='ocrx_word' id='word_1_51' title='bbox 1196 1409 1293 1468; x_wconf 86' lang='lat' dir='ltr'><strong>Hanc</strong></span> 
     </span>
     <span class='ocr_line' id='line_1_8' title="bbox 342 1503 1294 1590; baseline 0.002 -22"><span class='ocrx_word' id='word_1_52' title='bbox 342 1503 809 1590; x_wconf 84' lang='lat' dir='ltr'><strong>quidemidololatriaespeciem</strong></span> <span class='ocrx_word' id='word_1_53' title='bbox 816 1504 1031 1568; x_wconf 83' lang='lat' dir='ltr'><strong>esselidelium</strong></span> <span class='ocrx_word' id='word_1_54' title='bbox 1042 1505 1150 1568; x_wconf 81' lang='lat' dir='ltr'><strong>nullus</strong></span> <span class='ocrx_word' id='word_1_55' title='bbox 1157 1506 1294 1590; x_wconf 80' lang='lat' dir='ltr'><strong>ignorat.</strong></span> 
     </span>
     <span class='ocr_line' id='line_1_9' title="bbox 343 1605 1293 1692; baseline 0.003 -24"><span class='ocrx_word' id='word_1_56' title='bbox 343 1606 456 1689; x_wconf 84' lang='lat' dir='ltr'><strong>Longe</strong></span> <span class='ocrx_word' id='word_1_57' title='bbox 471 1627 547 1668; x_wconf 89' lang='lat' dir='ltr'><strong>vero</strong></span> <span class='ocrx_word' id='word_1_58' title='bbox 558 1605 756 1668; x_wconf 83' lang='lat' dir='ltr'>commodius</span> <span class='ocrx_word' id='word_1_59' title='bbox 770 1606 802 1668; x_wconf 95' lang='lat' dir='ltr'><strong>in</strong></span> <span class='ocrx_word' id='word_1_60' title='bbox 814 1606 932 1669; x_wconf 89' lang='lat' dir='ltr'><strong>coelum</strong></span> <span class='ocrx_word' id='word_1_61' title='bbox 942 1607 1120 1671; x_wconf 81' lang='lat' dir='ltr'><strong>ascendunt</strong></span> <span class='ocrx_word' id='word_1_62' title='bbox 1128 1608 1293 1692; x_wconf 72' lang='lat' dir='ltr'><strong>astrologi,</strong></span> 
     </span>
     <span class='ocr_line' id='line_1_10' title="bbox 343 1707 1296 1794; baseline 0.003 -24"><span class='ocrx_word' id='word_1_63' title='bbox 343 1707 399 1794; x_wconf 92' lang='lat' dir='ltr'><strong>qui</strong></span> <span class='ocrx_word' id='word_1_64' title='bbox 413 1707 664 1771; x_wconf 78' lang='lat' dir='ltr'><strong>academicorum</strong></span> <span class='ocrx_word' id='word_1_65' title='bbox 684 1729 781 1782; x_wconf 87' lang='lat' dir='ltr'><strong>more,</strong></span> <span class='ocrx_word' id='word_1_66' title='bbox 804 1708 961 1794; x_wconf 90' lang='lat' dir='ltr'><strong>quicquid</strong></span> <span class='ocrx_word' id='word_1_67' title='bbox 975 1709 1021 1772; x_wconf 91' lang='lat' dir='ltr'><strong>eis</strong></span> <span class='ocrx_word' id='word_1_68' title='bbox 1034 1710 1207 1773; x_wconf 85' lang='lat' dir='ltr'><strong>occurrerit</strong></span> <span class='ocrx_word' id='word_1_69' title='bbox 1222 1732 1296 1794; x_wconf 89' lang='lat' dir='ltr'><strong>pro-</strong></span> 
     </span>
     <span class='ocr_line' id='line_1_11' title="bbox 342 1808 1295 1896; baseline 0 -22"><span class='ocrx_word' id='word_1_70' title='bbox 342 1808 460 1888; x_wconf 78' lang='lat' dir='ltr'>babile,</span> <span class='ocrx_word' id='word_1_71' title='bbox 482 1832 541 1872; x_wconf 86' lang='lat' dir='ltr'><strong>suo</strong></span> <span class='ocrx_word' id='word_1_72' title='bbox 558 1809 634 1895; x_wconf 91' lang='lat' dir='ltr'><strong>jure</strong></span> <span class='ocrx_word' id='word_1_73' title='bbox 655 1809 842 1873; x_wconf 82' lang='lat' dir='ltr'><strong>defendunt.</strong></span> <span class='ocrx_word' id='word_1_74' title='bbox 895 1811 1012 1896; x_wconf 81' lang='lat' dir='ltr'><strong>Itaque</strong></span> <span class='ocrx_word' id='word_1_75' title='bbox 1032 1810 1166 1896; x_wconf 85' lang='lat' dir='ltr'><strong>quidam</strong></span> <span class='ocrx_word' id='word_1_76' title='bbox 1186 1833 1295 1875; x_wconf 86' lang='lat' dir='ltr'><strong>eorum</strong></span> 
     </span>
     <span class='ocr_line' id='line_1_12' title="bbox 344 1909 1295 1998; baseline 0.001 -24"><span class='ocrx_word' id='word_1_77' title='bbox 344 1923 433 1974; x_wconf 92' lang='lat' dir='ltr'><strong>motu</strong></span> <span class='ocrx_word' id='word_1_78' title='bbox 449 1910 589 1996; x_wconf 91' lang='lat' dir='ltr'><strong>quodam</strong></span> <span class='ocrx_word' id='word_1_79' title='bbox 605 1909 789 1988; x_wconf 79' lang='lat' dir='ltr'><strong>irrationali,</strong></span> <span class='ocrx_word' id='word_1_80' title='bbox 803 1911 947 1996; x_wconf 76' lang='lat' dir='ltr'><strong>planetas</strong></span> <span class='ocrx_word' id='word_1_81' title='bbox 965 1912 1122 1976; x_wconf 78' lang='lat' dir='ltr'><strong>adversus</strong></span> <span class='ocrx_word' id='word_1_82' title='bbox 1134 1915 1295 1998; x_wconf 83' lang='lat' dir='ltr'><strong>Apianem</strong></span> 
     </span>
     <span class='ocr_line' id='line_1_13' title="bbox 344 2012 1294 2093; baseline 0.002 -17"><span class='ocrx_word' id='word_1_83' title='bbox 344 2012 402 2078; x_wconf 93' lang='lat' dir='ltr'><strong>niti</strong></span> <span class='ocrx_word' id='word_1_84' title='bbox 417 2013 636 2086; x_wconf 81' lang='lat' dir='ltr'><strong>contendunt3</strong></span> <span class='ocrx_word' id='word_1_85' title='bbox 660 2013 725 2088; x_wconf 89' lang='lat' dir='ltr'><strong>alii,</strong></span> <span class='ocrx_word' id='word_1_86' title='bbox 741 2027 872 2078; x_wconf 90' lang='lat' dir='ltr'><strong>anctore</strong></span> <span class='ocrx_word' id='word_1_87' title='bbox 885 2015 1068 2093; x_wconf 78' lang='lat' dir='ltr'><strong>Aristotele,</strong></span> <span class='ocrx_word' id='word_1_88' title='bbox 1077 2015 1206 2080; x_wconf 84' lang='lat' dir='ltr'><strong>eoadem</strong></span> <span class='ocrx_word' id='word_1_89' title='bbox 1220 2038 1294 2078; x_wconf 91' lang='lat' dir='ltr'><strong>cnm</strong></span> 
     </span>
     <span class='ocr_line' id='line_1_14' title="bbox 343 2115 1296 2202; baseline 0.002 -22"><span class='ocrx_word' id='word_1_90' title='bbox 343 2115 542 2180; x_wconf 87' lang='lat' dir='ltr'><strong>firmamento</strong></span> <span class='ocrx_word' id='word_1_91' title='bbox 562 2115 639 2179; x_wconf 88' lang='lat' dir='ltr'><strong>ferri</strong></span> <span class='ocrx_word' id='word_1_92' title='bbox 661 2116 866 2201; x_wconf 86' lang='lat' dir='ltr'><strong>profitentur,</strong></span> <span class='ocrx_word' id='word_1_93' title='bbox 887 2141 1025 2202; x_wconf 90' lang='lat' dir='ltr'><strong>quorum</strong></span> <span class='ocrx_word' id='word_1_94' title='bbox 1047 2132 1198 2182; x_wconf 90' lang='lat' dir='ltr'><strong>neutrum</strong></span> <span class='ocrx_word' id='word_1_95' title='bbox 1213 2130 1296 2182; x_wconf 84' lang='lat' dir='ltr'><strong>teate</strong></span> 
     </span>
     <span class='ocr_line' id='line_1_15' title="bbox 344 2217 1296 2302; baseline 0 -20"><span class='ocrx_word' id='word_1_96' title='bbox 344 2217 465 2282; x_wconf 81' lang='lat' dir='ltr'><strong>Mincio</strong></span> <span class='ocrx_word' id='word_1_97' title='bbox 487 2217 669 2302; x_wconf 70' lang='lat' dir='ltr'><strong>astrologiae</strong></span> <span class='ocrx_word' id='word_1_98' title='bbox 691 2217 810 2302; x_wconf 87' lang='lat' dir='ltr'><strong>regulis</strong></span> <span class='ocrx_word' id='word_1_99' title='bbox 837 2219 1001 2283; x_wconf 83' lang='lat' dir='ltr'><strong>iuvenitur</strong></span> <span class='ocrx_word' id='word_1_100' title='bbox 1021 2218 1202 2282; x_wconf 77' lang='lat' dir='ltr'><strong>adversum.</strong></span> <span class='ocrx_word' id='word_1_101' title='bbox 1246 2221 1296 2282; x_wconf 84' lang='lat' dir='ltr'><strong>At</strong></span> 
     </span>
     <span class='ocr_line' id='line_1_16' title="bbox 345 2319 1297 2403; baseline 0.002 -21"><span class='ocrx_word' id='word_1_102' title='bbox 345 2319 533 2403; x_wconf 80' lang='lat' dir='ltr'><strong>genethliaci</strong></span> <span class='ocrx_word' id='word_1_103' title='bbox 555 2319 634 2382; x_wconf 90' lang='lat' dir='ltr'><strong>dum</strong></span> <span class='ocrx_word' id='word_1_104' title='bbox 653 2319 694 2382; x_wconf 89' lang='lat' dir='ltr'><strong>ad</strong></span> <span class='ocrx_word' id='word_1_105' title='bbox 709 2319 936 2384; x_wconf 85' lang='lat' dir='ltr'><strong>divinationem</strong></span> <span class='ocrx_word' id='word_1_106' title='bbox 959 2322 1100 2385; x_wconf 73' lang='lat' dir='ltr'><strong>scientiar</strong></span> <span class='ocrx_word' id='word_1_107' title='bbox 1118 2321 1297 2384; x_wconf 83' lang='lat' dir='ltr'><strong>ooeleatium</strong></span> 
     </span>
     <span class='ocr_line' id='line_1_17' title="bbox 344 2420 1296 2508; baseline 0.003 -25"><span class='ocrx_word' id='word_1_108' title='bbox 344 2421 437 2484; x_wconf 82' lang='lat' dir='ltr'><strong>nimia</strong></span> <span class='ocrx_word' id='word_1_109' title='bbox 457 2420 624 2497; x_wconf 80' lang='lat' dir='ltr'><strong>insistunt,</strong></span> <span class='ocrx_word' id='word_1_110' title='bbox 647 2433 711 2484; x_wconf 88' lang='lat' dir='ltr'><strong>tarn</strong></span> <span class='ocrx_word' id='word_1_111' title='bbox 733 2421 878 2506; x_wconf 86' lang='lat' dir='ltr'><strong>ipsorum</strong></span> <span class='ocrx_word' id='word_1_112' title='bbox 900 2421 1091 2501; x_wconf 81' lang='lat' dir='ltr'><strong>coelestium,</strong></span> <span class='ocrx_word' id='word_1_113' title='bbox 1113 2445 1209 2508; x_wconf 89' lang='lat' dir='ltr'><strong>quam</strong></span> <span class='ocrx_word' id='word_1_114' title='bbox 1232 2423 1296 2486; x_wconf 90' lang='lat' dir='ltr'><strong>Dei</strong></span> 
     </span>
     <span class='ocr_line' id='line_1_18' title="bbox 345 2521 1295 2606; baseline 0.001 -21"><span class='ocrx_word' id='word_1_115' title='bbox 345 2523 490 2586; x_wconf 85' lang='lat' dir='ltr'><strong>notitiam</strong></span> <span class='ocrx_word' id='word_1_116' title='bbox 517 2521 736 2606; x_wconf 91' lang='lat' dir='ltr'><strong>perdiderunt.</strong></span> <span class='ocrx_word' id='word_1_117' title='bbox 781 2524 845 2599; x_wconf 85' lang='lat' dir='ltr'><strong>Qui</strong></span> <span class='ocrx_word' id='word_1_118' title='bbox 876 2538 982 2586; x_wconf 86' lang='lat' dir='ltr'><strong>tamen</strong></span> <span class='ocrx_word' id='word_1_119' title='bbox 1011 2524 1096 2587; x_wconf 90' lang='lat' dir='ltr'><strong>inter</strong></span> <span class='ocrx_word' id='word_1_120' title='bbox 1119 2547 1174 2588; x_wconf 83' lang='lat' dir='ltr'><strong>eoa</strong></span> <span class='ocrx_word' id='word_1_121' title='bbox 1198 2546 1295 2588; x_wconf 84' lang='lat' dir='ltr'><strong>suum</strong></span> 
     </span>
     <span class='ocr_line' id='line_1_19' title="bbox 345 2622 1297 2701; baseline 0.001 -15"><span class='ocrx_word' id='word_1_122' title='bbox 345 2622 541 2686; x_wconf 85' lang='lat' dir='ltr'><strong>commodius</strong></span> <span class='ocrx_word' id='word_1_123' title='bbox 555 2644 707 2686; x_wconf 86' lang='lat' dir='ltr'><strong>excusare</strong></span> <span class='ocrx_word' id='word_1_124' title='bbox 729 2623 879 2687; x_wconf 86' lang='lat' dir='ltr'><strong>videntur</strong></span> <span class='ocrx_word' id='word_1_125' title='bbox 893 2646 1044 2700; x_wconf 80' lang='lat' dir='ltr'><strong>errorem,</strong></span> <span class='ocrx_word' id='word_1_126' title='bbox 1057 2647 1132 2687; x_wconf 86' lang='lat' dir='ltr'><strong>cum</strong></span> <span class='ocrx_word' id='word_1_127' title='bbox 1155 2625 1297 2701; x_wconf 77' lang='lat' dir='ltr'><strong>Plotina,</strong></span> 
     </span>
     <span class='ocr_line' id='line_1_20' title="bbox 346 2723 1299 2808; baseline 0 -20"><span class='ocrx_word' id='word_1_128' title='bbox 346 2723 710 2808; x_wconf 87' lang='lat' dir='ltr'><strong>auctoritatemoperum</strong></span> <span class='ocrx_word' id='word_1_129' title='bbox 724 2746 786 2788; x_wconf 94' lang='lat' dir='ltr'><strong>non</strong></span> <span class='ocrx_word' id='word_1_130' title='bbox 795 2723 970 2789; x_wconf 89' lang='lat' dir='ltr'><strong>detrahunt</strong></span> <span class='ocrx_word' id='word_1_131' title='bbox 979 2723 1124 2804; x_wconf 84' lang='lat' dir='ltr'><strong>creatori,</strong></span> <span class='ocrx_word' id='word_1_132' title='bbox 1134 2725 1190 2788; x_wconf 84' lang='lat' dir='ltr'><strong>aed</strong></span> <span class='ocrx_word' id='word_1_133' title='bbox 1201 2725 1299 2788; x_wconf 78' lang='lat' dir='ltr'><strong>semel</strong></span> 
     </span>
     <span class='ocr_line' id='line_1_21' title="bbox 347 2824 1298 2912; baseline 0 -22"><span class='ocrx_word' id='word_1_134' title='bbox 347 2841 380 2890; x_wconf 90' lang='lat' dir='ltr'><strong>et</strong></span> <span class='ocrx_word' id='word_1_135' title='bbox 404 2826 498 2890; x_wconf 77' lang='lat' dir='ltr'><strong>simul</strong></span> <span class='ocrx_word' id='word_1_136' title='bbox 521 2825 562 2888; x_wconf 90' lang='lat' dir='ltr'><strong>ab</strong></span> <span class='ocrx_word' id='word_1_137' title='bbox 587 2848 626 2888; x_wconf 90' lang='lat' dir='ltr'><strong>eo</strong></span> <span class='ocrx_word' id='word_1_138' title='bbox 651 2824 753 2910; x_wconf 83' lang='lat' dir='ltr'><strong>legem</strong></span> <span class='ocrx_word' id='word_1_139' title='bbox 779 2839 928 2890; x_wconf 83' lang='lat' dir='ltr'><strong>asserunt</strong></span> <span class='ocrx_word' id='word_1_140' title='bbox 952 2827 1154 2899; x_wconf 70' lang='lat' dir='ltr'><strong>institutam</strong></span> <span class='ocrx_word' id='word_1_141' title='bbox 1199 2850 1298 2912; x_wconf 82' lang='lat' dir='ltr'><strong>quam</strong></span> 
     </span>
     <span class='ocr_line' id='line_1_22' title="bbox 349 2927 1300 3014; baseline 0.002 -24"><span class='ocrx_word' id='word_1_142' title='bbox 349 2927 460 2992; x_wconf 84' lang='lat' dir='ltr'><strong>nullun</strong></span> <span class='ocrx_word' id='word_1_143' title='bbox 470 2947 610 3011; x_wconf 87' lang='lat' dir='ltr'><strong>unquam</strong></span> <span class='ocrx_word' id='word_1_144' title='bbox 622 2939 754 2990; x_wconf 91' lang='lat' dir='ltr'><strong>conatus</strong></span> <span class='ocrx_word' id='word_1_145' title='bbox 764 2941 909 3007; x_wconf 87' lang='lat' dir='ltr'><strong>evacuat,</strong></span> <span class='ocrx_word' id='word_1_146' title='bbox 919 2951 1019 3014; x_wconf 90' lang='lat' dir='ltr'><strong>quum</strong></span> <span class='ocrx_word' id='word_1_147' title='bbox 1033 2928 1139 2992; x_wconf 83' lang='lat' dir='ltr'><strong>omnia</strong></span> <span class='ocrx_word' id='word_1_148' title='bbox 1148 2950 1223 3012; x_wconf 71' lang='lat' dir='ltr'><strong>quae</strong></span> <span class='ocrx_word' id='word_1_149' title='bbox 1236 2929 1300 2992; x_wconf 69' lang='lat' dir='ltr'><strong>dia</strong></span> 
     </span>
     <span class='ocr_line' id='line_1_23' title="bbox 349 3028 1298 3118; baseline 0 -24"><span class='ocrx_word' id='word_1_150' title='bbox 349 3028 457 3116; x_wconf 86' lang='lat' dir='ltr'><strong>posuit</strong></span> <span class='ocrx_word' id='word_1_151' title='bbox 472 3028 584 3092; x_wconf 83' lang='lat' dir='ltr'><strong>futura</strong></span> <span class='ocrx_word' id='word_1_152' title='bbox 598 3028 661 3094; x_wconf 87' lang='lat' dir='ltr'><strong>eint</strong></span> <span class='ocrx_word' id='word_1_153' title='bbox 678 3041 713 3094; x_wconf 92' lang='lat' dir='ltr'><strong>ut</strong></span> <span class='ocrx_word' id='word_1_154' title='bbox 728 3028 887 3116; x_wconf 82' lang='lat' dir='ltr'><strong>praevidit.</strong></span> <span class='ocrx_word' id='word_1_155' title='bbox 916 3030 1013 3107; x_wconf 82' lang='lat' dir='ltr'><strong>Quod</strong></span> <span class='ocrx_word' id='word_1_156' title='bbox 1034 3031 1120 3094; x_wconf 81' lang='lat' dir='ltr'><strong>sorte</strong></span> <span class='ocrx_word' id='word_1_157' title='bbox 1143 3029 1298 3118; x_wconf 75' lang='lat' dir='ltr'><strong>Papinius</strong></span> 
     </span>
     <span class='ocr_line' id='line_1_24' title="bbox 350 3131 768 3218; baseline 0 -22"><span class='ocrx_word' id='word_1_158' title='bbox 350 3131 505 3198; x_wconf 85' lang='lat' dir='ltr'><strong>intellexit</strong></span> <span class='ocrx_word' id='word_1_159' title='bbox 521 3153 620 3218; x_wconf 94' lang='lat' dir='ltr'><strong>quum</strong></span> <span class='ocrx_word' id='word_1_160' title='bbox 636 3131 768 3209; x_wconf 89' lang='lat' dir='ltr'><strong>diceret,</strong></span> 
     </span>
    </p>

    <p class='ocr_par' dir='ltr' id='par_1_4' title="bbox 454 3247 1124 3402">
     <span class='ocr_line' id='line_1_25' title="bbox 454 3247 1080 3318; baseline 0.002 -18"><span class='ocrx_word' id='word_1_161' title='bbox 454 3248 549 3318; x_wconf 86' lang='lat' dir='ltr'><strong>Incipit</strong></span> <span class='ocrx_word' id='word_1_162' title='bbox 559 3265 594 3300; x_wconf 80' lang='lat' dir='ltr'><strong>ex</strong></span> <span class='ocrx_word' id='word_1_163' title='bbox 606 3247 669 3312; x_wconf 83' lang='lat' dir='ltr'><strong>alto,</strong></span> <span class='ocrx_word' id='word_1_164' title='bbox 680 3265 760 3316; x_wconf 75' lang='lat' dir='ltr'><strong>grave</strong></span> <span class='ocrx_word' id='word_1_165' title='bbox 771 3255 799 3300; x_wconf 89' lang='lat' dir='ltr'><strong>et</strong></span> <span class='ocrx_word' id='word_1_166' title='bbox 809 3248 972 3301; x_wconf 79' lang='lat' dir='ltr'><strong>immutabile</strong></span> <span class='ocrx_word' id='word_1_167' title='bbox 982 3251 1080 3302; x_wconf 74' lang='lat' dir='ltr'><strong>nortia</strong></span> 
     </span>
     <span class='ocr_line' id='line_1_26' title="bbox 454 3333 1124 3402; baseline -0.003 -14"><span class='ocrx_word' id='word_1_168' title='bbox 454 3334 561 3388; x_wconf 70' lang='lat' dir='ltr'><strong>Pondus</strong></span> <span class='ocrx_word' id='word_1_169' title='bbox 572 3333 649 3386; x_wconf 82' lang='lat' dir='ltr'><strong>adeat</strong></span> <span class='ocrx_word' id='word_1_170' title='bbox 659 3334 754 3398; x_wconf 72' lang='lat' dir='ltr'><strong>verbis,</strong></span> <span class='ocrx_word' id='word_1_171' title='bbox 766 3341 794 3386; x_wconf 89' lang='lat' dir='ltr'><strong>et</strong></span> <span class='ocrx_word' id='word_1_172' title='bbox 805 3351 896 3387; x_wconf 84' lang='lat' dir='ltr'><strong>rocem</strong></span> <span class='ocrx_word' id='word_1_173' title='bbox 906 3334 963 3386; x_wconf 81' lang='lat' dir='ltr'><strong>fata</strong></span> <span class='ocrx_word' id='word_1_174' title='bbox 973 3341 1124 3402; x_wconf 82' lang='lat' dir='ltr'><strong>coquuntur.</strong></span> 
     </span>
    </p>

    <p class='ocr_par' dir='ltr' id='par_1_5' title="bbox 350 3436 1303 4434">
     <span class='ocr_line' id='line_1_27' title="bbox 351 3436 1301 3524; baseline -0.003 -19"><span class='ocrx_word' id='word_1_175' title='bbox 351 3441 459 3505; x_wconf 82' lang='lat' dir='ltr'><strong>Abeo</strong></span> <span class='ocrx_word' id='word_1_176' title='bbox 479 3462 556 3524; x_wconf 86' lang='lat' dir='ltr'><strong>ergo</strong></span> <span class='ocrx_word' id='word_1_177' title='bbox 572 3461 630 3502; x_wconf 82' lang='lat' dir='ltr'><strong>sua</strong></span> <span class='ocrx_word' id='word_1_178' title='bbox 650 3449 791 3524; x_wconf 81' lang='lat' dir='ltr'><strong>potestas</strong></span> <span class='ocrx_word' id='word_1_179' title='bbox 812 3437 972 3502; x_wconf 89' lang='lat' dir='ltr'><strong>attributa</strong></span> <span class='ocrx_word' id='word_1_180' title='bbox 991 3449 1040 3500; x_wconf 84' lang='lat' dir='ltr'><strong>eat</strong></span> <span class='ocrx_word' id='word_1_181' title='bbox 1061 3436 1195 3522; x_wconf 73' lang='lat' dir='ltr'><strong>singulis</strong></span> <span class='ocrx_word' id='word_1_182' title='bbox 1215 3459 1301 3502; x_wconf 85' lang='lat' dir='ltr'><strong>crea·</strong></span> 
     </span>
     <span class='ocr_line' id='line_1_28' title="bbox 350 3538 1300 3627; baseline -0.001 -21"><span class='ocrx_word' id='word_1_183' title='bbox 350 3546 443 3619; x_wconf 80' lang='lat' dir='ltr'><strong>turis,</strong></span> <span class='ocrx_word' id='word_1_184' title='bbox 458 3543 491 3606; x_wconf 94' lang='lat' dir='ltr'><strong>in</strong></span> <span class='ocrx_word' id='word_1_185' title='bbox 513 3540 632 3627; x_wconf 78' lang='lat' dir='ltr'><strong>quibua</strong></span> <span class='ocrx_word' id='word_1_186' title='bbox 654 3561 717 3604; x_wconf 93' lang='lat' dir='ltr'><strong>non</strong></span> <span class='ocrx_word' id='word_1_187' title='bbox 738 3539 883 3626; x_wconf 86' lang='lat' dir='ltr'><strong>oportuit</strong></span> <span class='ocrx_word' id='word_1_188' title='bbox 902 3538 1043 3603; x_wconf 81' lang='lat' dir='ltr'><strong>coeleotia</strong></span> <span class='ocrx_word' id='word_1_189' title='bbox 1062 3541 1167 3602; x_wconf 87' lang='lat' dir='ltr'><strong>locum</strong></span> <span class='ocrx_word' id='word_1_190' title='bbox 1191 3553 1300 3605; x_wconf 88' lang='lat' dir='ltr'><strong>tenere</strong></span> 
     </span>
     <span class='ocr_line' id='line_1_29' title="bbox 351 3640 1300 3727; baseline -0.002 -19"><span class='ocrx_word' id='word_1_191' title='bbox 351 3643 567 3719; x_wconf 77' lang='lat' dir='ltr'><strong>novissimum,</strong></span> <span class='ocrx_word' id='word_1_192' title='bbox 582 3654 614 3705; x_wconf 92' lang='lat' dir='ltr'><strong>et</strong></span> <span class='ocrx_word' id='word_1_193' title='bbox 630 3664 703 3727; x_wconf 81' lang='lat' dir='ltr'><strong>quae</strong></span> <span class='ocrx_word' id='word_1_194' title='bbox 723 3641 871 3725; x_wconf 86' lang='lat' dir='ltr'><strong>digniora</strong></span> <span class='ocrx_word' id='word_1_195' title='bbox 884 3654 959 3705; x_wconf 88' lang='lat' dir='ltr'><strong>eunt</strong></span> <span class='ocrx_word' id='word_1_196' title='bbox 979 3640 1060 3716; x_wconf 78' lang='lat' dir='ltr'><strong>aliia,</strong></span> <span class='ocrx_word' id='word_1_197' title='bbox 1075 3641 1192 3705; x_wconf 87' lang='lat' dir='ltr'><strong>habere</strong></span> <span class='ocrx_word' id='word_1_198' title='bbox 1207 3642 1300 3706; x_wconf 90' lang='lat' dir='ltr'><strong>mini·</strong></span> 
     </span>
     <span class='ocr_line' id='line_1_30' title="bbox 352 3743 1300 3831; baseline -0.003 -19"><span class='ocrx_word' id='word_1_199' title='bbox 352 3769 438 3812; x_wconf 88' lang='lat' dir='ltr'><strong>mum</strong></span> <span class='ocrx_word' id='word_1_200' title='bbox 454 3744 626 3831; x_wconf 82' lang='lat' dir='ltr'><strong>potestatis.</strong></span> <span class='ocrx_word' id='word_1_201' title='bbox 671 3743 729 3806; x_wconf 85' lang='lat' dir='ltr'><strong>Eis</strong></span> <span class='ocrx_word' id='word_1_202' title='bbox 743 3745 851 3829; x_wconf 87' lang='lat' dir='ltr'><strong>itaque</strong></span> <span class='ocrx_word' id='word_1_203' title='bbox 862 3759 1018 3830; x_wconf 90' lang='lat' dir='ltr'><strong>quantum</strong></span> <span class='ocrx_word' id='word_1_204' title='bbox 1034 3743 1137 3809; x_wconf 84' lang='lat' dir='ltr'><strong>voluit</strong></span> <span class='ocrx_word' id='word_1_205' title='bbox 1151 3745 1300 3825; x_wconf 88' lang='lat' dir='ltr'><strong>contulit,</strong></span> 
     </span>
     <span class='ocr_line' id='line_1_31' title="bbox 353 3841 1299 3934; baseline -0.004 -22"><span class='ocrx_word' id='word_1_206' title='bbox 353 3847 409 3934; x_wconf 91' lang='lat' dir='ltr'><strong>qui</strong></span> <span class='ocrx_word' id='word_1_207' title='bbox 423 3850 483 3912; x_wconf 83' lang='lat' dir='ltr'><strong>etsi</strong></span> <span class='ocrx_word' id='word_1_208' title='bbox 497 3844 557 3908; x_wconf 87' lang='lat' dir='ltr'><strong>sibi</strong></span> <span class='ocrx_word' id='word_1_209' title='bbox 577 3841 742 3908; x_wconf 88' lang='lat' dir='ltr'><strong>retinuerit</strong></span> <span class='ocrx_word' id='word_1_210' title='bbox 759 3844 865 3928; x_wconf 84' lang='lat' dir='ltr'><strong>operis</strong></span> <span class='ocrx_word' id='word_1_211' title='bbox 886 3844 1113 3930; x_wconf 85' lang='lat' dir='ltr'><strong>principatum,</strong></span> <span class='ocrx_word' id='word_1_212' title='bbox 1135 3845 1299 3928; x_wconf 74' lang='lat' dir='ltr'><strong>signorum</strong></span> 
     </span>
     <span class='ocr_line' id='line_1_32' title="bbox 351 3941 1301 4028; baseline -0.002 -16"><span class='ocrx_word' id='word_1_213' title='bbox 351 3947 416 4012; x_wconf 80' lang='lat' dir='ltr'><strong>illie</strong></span> <span class='ocrx_word' id='word_1_214' title='bbox 443 3945 484 4010; x_wconf 83' lang='lat' dir='ltr'><strong>ad</strong></span> <span class='ocrx_word' id='word_1_215' title='bbox 507 3945 611 4008; x_wconf 86' lang='lat' dir='ltr'><strong>minua</strong></span> <span class='ocrx_word' id='word_1_216' title='bbox 631 3941 748 4007; x_wconf 85' lang='lat' dir='ltr'><strong>indixit</strong></span> <span class='ocrx_word' id='word_1_217' title='bbox 769 3943 972 4028; x_wconf 86' lang='lat' dir='ltr'><strong>obsequium.</strong></span> <span class='ocrx_word' id='word_1_218' title='bbox 1027 3943 1125 4008; x_wconf 88' lang='lat' dir='ltr'><strong>Unde</strong></span> <span class='ocrx_word' id='word_1_219' title='bbox 1152 3945 1215 4008; x_wconf 77' lang='lat' dir='ltr'><strong>etri</strong></span> <span class='ocrx_word' id='word_1_220' title='bbox 1236 3967 1301 4010; x_wconf 90' lang='lat' dir='ltr'><strong>non</strong></span> 
     </span>
     <span class='ocr_line' id='line_1_33' title="bbox 353 4045 1302 4136; baseline -0.002 -22"><span class='ocrx_word' id='word_1_221' title='bbox 353 4071 437 4136; x_wconf 80' lang='lat' dir='ltr'><strong>crepe</strong></span> <span class='ocrx_word' id='word_1_222' title='bbox 450 4049 567 4112; x_wconf 84' lang='lat' dir='ltr'><strong>iaciant</strong></span> <span class='ocrx_word' id='word_1_223' title='bbox 589 4067 686 4131; x_wconf 88' lang='lat' dir='ltr'><strong>opera</strong></span> <span class='ocrx_word' id='word_1_224' title='bbox 703 4045 876 4128; x_wconf 87' lang='lat' dir='ltr'><strong>signorum,</strong></span> <span class='ocrx_word' id='word_1_225' title='bbox 890 4058 995 4109; x_wconf 85' lang='lat' dir='ltr'><strong>tamen</strong></span> <span class='ocrx_word' id='word_1_226' title='bbox 1010 4058 1141 4110; x_wconf 86' lang='lat' dir='ltr'><strong>auctore</strong></span> <span class='ocrx_word' id='word_1_227' title='bbox 1155 4048 1229 4111; x_wconf 89' lang='lat' dir='ltr'><strong>Deo</strong></span> <span class='ocrx_word' id='word_1_228' title='bbox 1245 4069 1302 4112; x_wconf 84' lang='lat' dir='ltr'><strong>ex-</strong></span> 
     </span>
     <span class='ocr_line' id='line_1_34' title="bbox 353 4145 1302 4222; baseline -0.002 -8"><span class='ocrx_word' id='word_1_229' title='bbox 353 4150 464 4214; x_wconf 87' lang='lat' dir='ltr'><strong>hibent</strong></span> <span class='ocrx_word' id='word_1_230' title='bbox 487 4146 668 4212; x_wconf 86' lang='lat' dir='ltr'><strong>ministeria.</strong></span> <span class='ocrx_word' id='word_1_231' title='bbox 713 4148 801 4212; x_wconf 89' lang='lat' dir='ltr'><strong>Hinc</strong></span> <span class='ocrx_word' id='word_1_232' title='bbox 822 4147 906 4210; x_wconf 80' lang='lat' dir='ltr'><strong>forte</strong></span> <span class='ocrx_word' id='word_1_233' title='bbox 934 4145 1026 4222; x_wconf 90' lang='lat' dir='ltr'><strong>illud,</strong></span> <span class='ocrx_word' id='word_1_234' title='bbox 1049 4145 1133 4209; x_wconf 86' lang='lat' dir='ltr'><strong>Coeli</strong></span> <span class='ocrx_word' id='word_1_235' title='bbox 1153 4161 1302 4212; x_wconf 83' lang='lat' dir='ltr'><strong>enarrant</strong></span> 
     </span>
     <span class='ocr_line' id='line_1_35' title="bbox 355 4245 1303 4334; baseline -0.002 -22"><span class='ocrx_word' id='word_1_236' title='bbox 355 4251 487 4334; x_wconf 80' lang='lat' dir='ltr'><strong>gloriam</strong></span> <span class='ocrx_word' id='word_1_237' title='bbox 503 4247 578 4325; x_wconf 86' lang='lat' dir='ltr'><strong>Dei,</strong></span> <span class='ocrx_word' id='word_1_238' title='bbox 594 4259 626 4312; x_wconf 88' lang='lat' dir='ltr'><strong>et</strong></span> <span class='ocrx_word' id='word_1_239' title='bbox 639 4269 737 4333; x_wconf 90' lang='lat' dir='ltr'><strong>opera</strong></span> <span class='ocrx_word' id='word_1_240' title='bbox 758 4268 911 4334; x_wconf 82' lang='lat' dir='ltr'><strong>manuum</strong></span> <span class='ocrx_word' id='word_1_241' title='bbox 926 4247 997 4332; x_wconf 81' lang='lat' dir='ltr'><strong>ejus</strong></span> <span class='ocrx_word' id='word_1_242' title='bbox 1009 4245 1182 4312; x_wconf 86' lang='lat' dir='ltr'><strong>annunciat</strong></span> <span class='ocrx_word' id='word_1_243' title='bbox 1195 4248 1303 4310; x_wconf 80' lang='lat' dir='ltr'><strong>firma·</strong></span> 
     </span>
     <span class='ocr_line' id='line_1_36' title="bbox 358 4347 1303 4434; baseline -0.007 -18"><span class='ocrx_word' id='word_1_244' title='bbox 358 4365 508 4419; x_wconf 89' lang='lat' dir='ltr'><strong>ruentum.</strong></span> <span class='ocrx_word' id='word_1_245' title='bbox 555 4351 622 4416; x_wconf 89' lang='lat' dir='ltr'><strong>Nec</strong></span> <span class='ocrx_word' id='word_1_246' title='bbox 637 4351 764 4430; x_wconf 89' lang='lat' dir='ltr'><strong>mirum,</strong></span> <span class='ocrx_word' id='word_1_247' title='bbox 779 4371 881 4434; x_wconf 92' lang='lat' dir='ltr'><strong>quum</strong></span> <span class='ocrx_word' id='word_1_248' title='bbox 896 4361 930 4412; x_wconf 87' lang='lat' dir='ltr'><strong>et</strong></span> <span class='ocrx_word' id='word_1_249' title='bbox 944 4371 1027 4424; x_wconf 82' lang='lat' dir='ltr'><strong>aver,</strong></span> <span class='ocrx_word' id='word_1_250' title='bbox 1043 4362 1075 4413; x_wconf 88' lang='lat' dir='ltr'><strong>et</strong></span> <span class='ocrx_word' id='word_1_251' title='bbox 1088 4347 1151 4412; x_wconf 88' lang='lat' dir='ltr'><strong>alia</strong></span> <span class='ocrx_word' id='word_1_252' title='bbox 1164 4347 1303 4432; x_wconf 85' lang='lat' dir='ltr'><strong>plurima</strong></span> 
     </span>
    </p>
   </div>
   <div class='ocr_carea' id='block_1_3' title="bbox 0 0 1742 5367">
    <p class='ocr_par' dir='ltr' id='par_1_6' title="bbox 0 0 1742 5367">
     <span class='ocr_line' id='line_1_37' title="bbox 0 0 1742 5367; baseline 0 0"><span class='ocrx_word' id='word_1_253' title='bbox 0 0 1742 5367; x_wconf 95' lang='lat' dir='ltr'><strong> </strong></span> 
     </span>
    </p>
   </div>
  </div>
 </body>
</html>
