3425 5367
338 664 407 709 car.
425 646 472 733 v.]
693 666 952 715 ronrcaarrcns.
1256 660 1296 716 71

337 814 526 901 erupissent,
539 830 741 883 occurrentes
759 817 806 883 eis
826 819 885 905 qui
904 842 939 885 se
960 818 1100 883 bostium
1119 841 1235 884 manus
1247 822 1296 884 el-

337 914 458 999 fugisse
481 916 669 1001 gauderent,
696 917 891 1003 diripiebant
916 918 1073 1004 quicquid
1095 919 1289 985 adtulerunt.

339 1018 600 1105 Supplicantibus
611 1032 717 1085 antem
730 1033 761 1085 et
774 1021 916 1085 terribile
927 1021 1089 1107 quoddam
1102 1022 1161 1086 sibi
1176 1044 1292 1086 nomen

336 1120 396 1185 Dei
412 1118 635 1187 invocantibus
658 1135 694 1185 ut
714 1121 765 1186 vel
786 1136 909 1207 partem
925 1122 1067 1208 aliquam
1081 1146 1121 1187 ex
1141 1123 1203 1199 bis,
1218 1148 1293 1209 quae

335 1244 442 1287 secum
457 1224 571 1289 mortis
584 1222 726 1310 periculo
741 1227 965 1309 quaesiverant,
980 1224 1197 1310 indulgerent,
1210 1226 1292 1289 nihil

335 1345 465 1409 prorsus
479 1326 684 1412 praebebant:
708 1326 763 1391 sed
783 1326 845 1390 hoc
859 1327 1003 1392 beneficii
1018 1328 1089 1391 loco
1102 1341 1250 1409 cesserat,
1263 1329 1291 1393 si

335 1427 599 1512 comprehensum
620 1431 732 1495 vivum
751 1428 891 1493 licuisset
910 1428 1053 1493 evadere.
1098 1429 1162 1493 His
1181 1443 1292 1495 autem

336 1539 409 1611 post
436 1525 602 1613 aliquanta
623 1527 783 1612 adjungit,
804 1528 933 1593 dicens:
970 1528 1096 1592 Jndoeis
1116 1552 1192 1592 vero
1216 1554 1292 1594 eum

335 1651 467 1713 egressu
483 1628 572 1693 urbis
585 1630 687 1693 omnis
703 1628 823 1715 pariter
838 1652 910 1715 spes
924 1628 1155 1695 excludebatur
1169 1632 1294 1713 salutis,

334 1744 368 1796 et
385 1730 578 1797 invalescens
592 1731 748 1797 acerbitas
762 1730 866 1811 famis,
877 1729 989 1795 domos
1003 1730 1098 1795 simul
1112 1746 1145 1797 et
1158 1730 1294 1797 familias

334 1843 529 1919 gentemque
553 1835 718 1907 vastabam
758 1836 804 1899 ita
827 1846 865 1899 ut
890 1832 923 1897 in
950 1833 1168 1919 penetralibus
1192 1846 1293 1899 strata

330 1938 474 2022 jacerent
489 1934 657 2000 mulierum
677 1935 951 2021 parvulorumque
965 1935 1131 2014 cadavera,
1145 1958 1204 2021 per
1225 1936 1293 2021 pla-

334 2052 403 2103 teas
415 2062 489 2103 vero
504 2038 676 2103 infelicium
693 2060 804 2103 senum
819 2060 964 2123 corpora,
975 2037 1061 2102 fame
1074 2039 1177 2122 magis
1190 2060 1288 2123 quam

334 2153 440 2219 etate,
465 2153 640 2205 consumta.
693 2142 836 2205 Juvenes
863 2163 939 2203 vero
963 2153 1060 2225 atque
1083 2140 1188 2205 omnis
1212 2154 1292 2205 aetas

334 2242 506 2322 robustior,
521 2242 609 2307 velut
626 2242 817 2309 simulachra
838 2242 988 2329 quoedam
1010 2242 1044 2305 in
1059 2243 1119 2306 viis
1132 2254 1166 2307 et
1186 2265 1290 2328 egres-

335 2343 423 2409 sibus
437 2344 639 2425 oberrabant,
653 2358 848 2424 corruentes,
862 2367 1055 2431 quocunque
1069 2345 1131 2409 loci
1145 2368 1289 2429 gressum

335 2444 540 2531 surripuisset
564 2444 678 2511 inedia.
725 2444 868 2531 Sepelire
891 2458 1000 2508 autem
1026 2444 1182 2509 cadavera
1206 2467 1290 2509 mor·

334 2557 463 2611 tuorum
479 2546 711 2633 proximorum,
723 2568 780 2611 nec
796 2546 1022 2611 defunctorum
1033 2545 1219 2622 multitudo,
1231 2569 1289 2611 nec

334 2646 449 2713 virium
464 2648 614 2713 debilitas
629 2647 855 2733 permittebat;
887 2646 1029 2711 simulet
1050 2670 1109 2732 per
1130 2670 1197 2711 suae
1212 2648 1289 2712 vitas

334 2746 456 2813 incerta
481 2734 704 2833 unusquisque
726 2747 908 2813 verebatur.
960 2748 1110 2833 Denique
1133 2748 1289 2834 aliquanti

336 2870 435 2933 super
456 2872 520 2926 eos,
543 2871 625 2935 quos
647 2848 853 2936 sepeliebant,
870 2848 991 2913 animas
1012 2849 1163 2923 emisere;
1193 2850 1288 2916 multi

334 2949 430 3015 etiam
446 2948 524 3015 dum
541 2964 778 3037 prosequuntur
790 2950 916 3027 funera,
928 2951 1116 3037 priusquam
1128 2952 1170 3017 ad
1181 2952 1288 3039 sepul·

333 3051 446 3117 chrum
469 3054 642 3129 veniretur,
657 3053 817 3121 efflabant.
860 3056 918 3130 Et,
940 3064 978 3119 ut
998 3076 1056 3118 nec
1075 3054 1224 3141 planctus
1245 3079 1286 3121 ex

332 3176 420 3219 more
434 3154 595 3221 defunctis
609 3156 835 3234 exhibebatur,
850 3169 906 3220 aut
921 3156 1040 3235 luctus,
1054 3159 1131 3243 quia
1146 3158 1207 3224 hoc
1223 3159 1286 3223 sibi
1325 3164 1331 3173 ’

332 3266 433 3323 totum
459 3257 682 3323 vendicaverat
707 3258 826 3331 lames;
861 3261 906 3321 sic
931 3280 989 3323 nec
1013 3259 1147 3325 ariditas
1171 3262 1287 3326 inediae

332 3359 496 3427 humorem
517 3360 657 3447 aliquem
684 3360 834 3446 cuiquam
863 3359 1037 3444 reliquerat
1062 3361 1286 3448 lacrymarum.

333 3463 532 3529 Obsederant
546 3463 707 3529 civitatem
725 3461 888 3549 profunda
902 3462 1036 3538 silentia,
1051 3475 1084 3527 et
1106 3486 1170 3528 uox
1192 3464 1289 3552 plena

332 3564 443 3629 mortis
471 3578 586 3631 cuncta
614 3575 807 3631 contexerat.
862 3563 987 3641 Quibus
1015 3564 1107 3628 malis
1137 3567 1287 3633 omnibus

330 3664 493 3749 graviores
519 3664 576 3729 soli
591 3664 742 3751 vigebant
769 3662 946 3751 praedones,
967 3666 1026 3750 qui
1050 3687 1092 3729 ne
1117 3667 1287 3753 sepulchra

330 3765 461 3850 quidem
477 3764 614 3854 diripere
629 3780 660 3832 et
686 3766 821 3853 spoliare
836 3765 995 3831 cadavera
1015 3766 1166 3833 illicitum
1189 3769 1287 3833 duce·

332 3866 421 3945 bant,
432 3890 497 3933 non
513 3882 578 3935 tam
594 3868 734 3955 praedam
750 3880 905 3954 petentes,
916 3890 1015 3953 quam
1026 3869 1131 3933 scelus
1145 3869 1288 3935 irrisione

331 3970 539 4047 cumulantes,
551 3984 584 4037 et
599 3972 697 4037 aciem
712 3970 894 4057 gladiorum
906 3992 1034 4035 snorum
1048 3971 1082 4035 in
1093 3970 1287 4037 cadaverum

330 4070 570 4139 obtruncatione
595 4072 777 4159 probantes.
824 4069 994 4135 interdum
1018 4070 1116 4137 etiam
1146 4073 1179 4137 in
1208 4096 1287 4138 non·

332 4170 434 4237 nullos
448 4172 554 4237 adbuc
566 4174 733 4261 spirantes,
747 4196 856 4239 mucro
871 4171 1104 4239 examinandus
1118 4174 1287 4259 agebatur,

332 4270 419 4355 quod
434 4271 488 4337 alii
503 4274 671 4339 semineces
692 4297 794 4360 quum
815 4273 972 4353 viderent,
985 4274 1145 4361 supplices
1159 4274 1289 4339 dextras
