3425 5367
292 737 365 781 cae.
382 723 443 801 1v.]
639 741 894 788 norucaarrcus
1193 739 1255 796 227

288 887 365 972 gelli
386 890 447 954 sub
467 891 570 976 carnis
590 890 776 956 infirmitate
792 893 998 974 silesceret‚a
1022 897 1171 962 scandalo
1191 902 1251 966 Ju-

289 991 443 1069 daeorum,
469 994 676 1080 gentiumque
697 995 846 1073 stultitia,
867 1019 964 1082 opera
988 999 1147 1076 crucifixi,
1175 1025 1247 1085 quae

286 1091 382 1155 etiam
395 1093 488 1156 l'amae
499 1095 680 1158 testimonio
693 1095 940 1174 roborabantur,
953 1099 1119 1184 exposuit;
1144 1125 1246 1187 quum

287 1192 374 1278 apud
388 1217 498 1258 omnes
512 1208 682 1273 constaret,
698 1196 786 1282 quod
801 1220 839 1260 ea
853 1221 915 1261 non
932 1215 1038 1284 posset
1053 1201 1168 1281 facere,
1184 1203 1243 1268 nisi

288 1296 391 1360 Deus.
437 1297 500 1360 Sed
522 1296 598 1382 quia
617 1296 720 1360 multa
740 1298 774 1360 in
796 1310 967 1384 utramque
989 1314 1110 1386 partem
1134 1304 1246 1370 crebro

283 1393 369 1458 fama
389 1397 553 1471 mentitur,
570 1397 670 1482 ipsam
687 1397 826 1482 juvabat
841 1397 970 1476 famam,
987 1402 1074 1488 quod
1092 1403 1239 1491 discipuli

286 1497 358 1579 ejus
379 1497 499 1581 majora
520 1496 691 1575 faciebant,
712 1497 790 1561 dum
813 1497 853 1562 ad
880 1500 1023 1564 umbram
1047 1501 1244 1590 discipuli,a

287 1617 479 1683 quacunque
494 1597 679 1663 infirmitate
695 1598 889 1664 sanabantur
903 1602 1026 1686 aegroti.
1058 1605 1144 1678 Quid
1162 1608 1243 1672 mul-

288 1697 345 1762 ta?
383 1697 527 1764 Astutias
548 1697 739 1778 Aristotelis,
763 1699 939 1787 Chrysippi
962 1707 1120 1782 acumina,
1142 1707 1242 1771 omni·

289 1818 409 1883 umque
431 1797 697 1884 Philosophorum
719 1799 898 1864 tendiculas
914 1824 1082 1889 resurgens
1098 1820 1244 1873 mortuus

289 1899 487 1966 confutabat.
531 1903 648 1966 Decios
668 1899 767 1964 duces
790 1902 1021 1984 Romanorum,
1041 1929 1074 1970 se
1095 1929 1154 1994 pro
1178 1908 1243 1974 suis

288 2001 481 2067 exercitibus
495 2001 660 2066 devovisse
679 2001 861 2086 percelebre
881 2015 939 2068 est.
986 2005 1097 2070 Julius
1113 2031 1243 2096 quoque

289 2104 409 2180 cesar,
422 2106 511 2183 Dux,
523 2101 641 2188 inquit,
652 2101 711 2186 qui
722 2122 785 2165 non
799 2101 922 2168 laborat
935 2116 970 2168 ut
983 2104 1138 2172 militibus
1150 2131 1243 2174 carus

286 2203 338 2280 sit,
355 2203 487 2270 militem
502 2205 601 2270 nescit
616 2226 732 2268 amare.
774 2203 883 2268 Nescit
901 2204 1132 2272 humanitatem
1149 2208 1241 2274 ducis

286 2305 319 2370 in
345 2307 486 2371 exercitu
511 2307 665 2371 adversus
691 2305 799 2369 hostes
825 2328 901 2370 esse.
957 2307 1048 2371 Idem
1078 2331 1240 2396 nunquam

287 2407 369 2472 dixit
389 2407 544 2474 militibus
560 2409 612 2472 Ite
635 2407 716 2486 huc;
747 2406 802 2470 sed
817 2409 941 2471 Venite.
988 2409 1124 2476 Dicebat
1146 2413 1241 2491 enim,

287 2507 366 2595 quia
386 2509 598 2595 participatus
618 2530 691 2572 cum
714 2507 796 2571 duce
818 2507 920 2584 labor,
937 2509 1066 2574 videtur
1088 2511 1243 2580 militibus

287 2611 400 2676 minor.
444 2615 604 2678 Praeterea
624 2610 773 2696 voluptas
792 2611 945 2696 corporis,
965 2612 1075 2678 eodem
1100 2628 1241 2694 auctore,

287 2713 418 2778 vitanda
432 2726 493 2777 est.
536 2712 650 2778 Aiebat
672 2711 756 2776 enim
770 2712 804 2775 in
819 2711 903 2776 bello
923 2735 1056 2800 corpora
1076 2715 1238 2782 hominum

285 2814 412 2900 gladiis,
440 2815 474 2878 in
510 2836 587 2900 pace
617 2813 840 2900 voluptatibus
870 2814 1038 2882 vulnerari.
1095 2818 1240 2884 Senserat

285 2917 369 2982 euim
391 2916 538 3001 gentium
562 2914 787 3000 triumphator,
811 2914 1009 3002 voluptatem
1034 2917 1123 2982 nullo
1145 2918 1240 2984 modo

286 3031 350 3082 tarn
371 3017 464 3084 facile
486 3017 641 3104 superari,
655 3039 753 3102 quam
775 3018 866 3104 fuga,
881 3041 919 3082 eo
942 3019 1030 3105 quod
1052 3019 1166 3106 ipsum,
1183 3021 1239 3108 qui

284 3131 397 3204 gentes
417 3118 596 3196 domuerat,
620 3117 751 3182 Veneris
778 3119 915 3184 nexibus
936 3121 1102 3187 innodavit
1126 3122 1241 3188 mulier

284 3219 455 3308 impudica

283 3477 362 3562 Cap.
379 3485 407 3541 4.
434 3477 527 3552 Quod
539 3478 657 3540 divina
673 3479 752 3559 lagia
766 3481 958 3542 auctoritate
971 3485 1096 3543 maslot
1118 3483 1238 3562 princi·

463 3601 540 3662 pem
554 3581 618 3662 legi
625 3580 772 3659 justitiae
784 3600 851 3644 aare
864 3581 1052 3660 subJectuna.

328 3739 398 3802 San
413 3737 493 3824 quid
506 3737 547 3802 ad
559 3738 757 3804 emendicata
770 3738 914 3823 gentium
930 3738 1077 3825 exempla
1092 3739 1237 3818 decurro,

282 3863 358 3926 quoe
369 3853 475 3906 umen
486 3839 627 3926 plurima
637 3852 724 3920 sunt,
734 3863 836 3927 quum
851 3839 969 3904 rectius
985 3839 1122 3926 quisque
1137 3841 1236 3924 possit
1319 3855 1323 3863 “

283 3943 323 4008 ad
344 3942 489 4008 iacienda
509 3940 645 4027 legibus,
665 3965 763 4026 quam
785 3941 939 4027 exemplis
962 3941 1094 4026 urgeri?
1132 3945 1175 4006 At
1199 3965 1238 4006 ue

284 4043 389 4128 ipsum
412 4043 593 4129 Principem
615 4065 849 4130 usquequaque
871 4041 1011 4108 solutum
1026 4041 1150 4128 legibus
1171 4045 1239 4130 opi-

282 4143 378 4219 neris,
408 4143 486 4210 audi
514 4167 612 4232 quam
639 4143 741 4230 legem
771 4143 915 4230 imponat
948 4143 1151 4230 Principibus
1180 4168 1236 4210 rex

285 4266 421 4328 magnus
435 4267 531 4331 super
551 4268 678 4310 omnem
699 4259 816 4312 terram
837 4245 998 4324 terribilis,
1013 4259 1044 4310 et
1060 4247 1117 4331 qui
1132 4247 1238 4312 aufert

285 4346 433 4431 spiritum
451 4345 657 4434 Principum:
693 4349 815 4425 Quum,
830 4348 947 4434 inquit,
962 4347 1122 4432 ingressus
1137 4347 1237 4412 luetis

733 4469 755 4514 Q
770 4455 790 4511 ἓ
