3425 5367
455 650 519 709 324
724 664 861 709 maurus
879 664 1157 711 sanusnnarnusrs
1278 648 1361 728 [orn.
1377 668 1407 713 r.

457 813 601 878 nondum
614 822 710 880 natus
724 816 777 891 ait,
793 818 886 901 cujus
906 838 1028 896 aurum,
1042 820 1092 881 vel
1107 827 1271 899 argentum
1287 820 1320 883 in
1336 840 1408 883 mu-

457 937 520 979 nus
542 919 711 1000 acceperit.
755 919 842 991 Quid
866 919 996 983 referam
1017 919 1205 993 Martinam,
1222 920 1276 1002 qni
1297 932 1407 986 contra

455 1040 575 1081 morem
591 1040 611 1082 a
624 1021 785 1100 legatione
796 1019 923 1084 rediens
934 1041 1064 1103 pauper,
1076 1040 1176 1103 quum
1188 1022 1229 1085 ab
1240 1022 1407 1105 Episcopo

454 1118 640 1182 Florentino
663 1141 792 1203 equum,
815 1121 905 1183 socio
928 1122 1156 1199 necessarium,
1177 1144 1293 1203 magne
1318 1146 1405 1187 com-

454 1220 567 1300 pulsus
578 1221 742 1298 instantia,
751 1223 940 1304 accepisset,
951 1221 1088 1285 eundem
1100 1224 1237 1287 restituit
1249 1224 1406 1305 donatori,

455 1340 500 1382 ex
511 1341 577 1403 quo
588 1344 661 1385 eum
674 1321 714 1385 ab
725 1322 819 1385 initio
831 1322 898 1385 dati
909 1323 1061 1399 muneris,
1073 1344 1201 1387 causam
1213 1325 1246 1387 in
1259 1326 1405 1389 Romana

456 1423 599 1487 ecclesia
627 1424 843 1487 ventilandam
869 1424 1017 1487 habuisse
1046 1426 1202 1505 cognovit.
1251 1427 1348 1499 Quod
1373 1437 1406 1491 et

454 1523 584 1605 plenius
623 1524 657 1588 S.
697 1524 881 1588 Bernartius
922 1524 1167 1589 clarevallensis
1205 1528 1315 1601 abbas,
1349 1529 1404 1611 qui

454 1643 528 1686 eum
557 1625 729 1708 perfectius
757 1635 900 1700 noverat,
930 1625 1022 1688 refert
1050 1626 1083 1688 in
1112 1627 1196 1689 libro
1226 1627 1406 1706 doctrinali,

454 1745 550 1807 quem
565 1725 607 1789 ad
630 1726 662 1789 S.
683 1726 868 1807 Eugenium
884 1728 924 1789 de
945 1728 1217 1810 contemplatione
1231 1728 1283 1790 vel
1298 1730 1402 1791 consi-

453 1823 618 1889 deratione
650 1826 768 1887 scribit.
827 1826 936 1889 Taceo
972 1825 1058 1909 quod
1093 1826 1285 1889 venerabilis
1314 1836 1405 1910 pater

453 1923 629 1988 Gaufridus
657 1926 876 2003 carnotensis,
900 1927 1024 2007 legatus
1053 1926 1247 2010 Aquitaniae,
1276 1930 1401 2011 provin-

452 2026 580 2089 cialium
594 2049 725 2090 munera
738 2048 804 2090 nun
819 2024 951 2109 recepit,
966 2028 1029 2091 nisi
1043 2030 1075 2090 in
1092 2050 1189 2093 causa
1203 2031 1356 2093 esculenti
1372 2042 1403 2094 et

450 2128 625 2208 poculenti,
641 2140 672 2189 et
685 2128 749 2190 hoc
772 2149 846 2191 cum
861 2148 985 2191 summa
999 2129 1202 2210 frugalitate5
1224 2130 1281 2193 sed
1296 2132 1403 2195 omnia

451 2209 524 2308 quie
546 2227 581 2289 in
605 2228 773 2290 xeniorum
799 2228 922 2291 ratione
950 2231 1176 2309 offerebantur,
1200 2242 1236 2294 ut
1265 2241 1403 2296 stercora

453 2331 690 2393 contemnebat.
735 2329 887 2393 Testatur
902 2341 1031 2393 sanctus
1047 2332 1299 2409 Clarevallensis,
1315 2332 1402 2416 quod

450 2430 585 2511 piscem,
602 2452 697 2515 quem
712 2426 809 2512 vulgo
830 2430 1003 2493 sturionem
1020 2429 1140 2510 dicunt,
1156 2453 1175 2495 a
1190 2432 1306 2496 devoto
1321 2455 1401 2517 quo-

450 2530 524 2594 dam
539 2532 709 2613 legationis
723 2554 789 2595 suae
809 2532 925 2594 clerico
941 2532 1037 2614 gratis
1052 2533 1196 2616 accipere
1211 2534 1322 2612 noluit,
1339 2556 1399 2598 nec

448 2642 523 2696 ante
547 2634 709 2715 acquievit
737 2634 899 2697 offerentis
924 2633 1131 2716 improbitati,
1156 2655 1252 2719 quam
1283 2635 1312 2697 ei
1341 2657 1399 2718 pro

448 2729 588 2796 admisso
603 2733 700 2797 xenio
715 2733 852 2817 pretium
867 2743 1057 2796 numeraret.

448 2930 527 3012 Cap.
549 2931 598 2992 16.
622 2928 674 2993 De
687 2932 823 2993 crimine
836 2930 1104 3012 repetendarum,
1121 2951 1181 3014 quo
1197 2937 1397 2994 tenebraret

487 3031 653 3109 presides,
667 3038 700 3093 et
704 3030 846 3112 judices,
861 3033 919 3111 qui
932 3032 1062 3113 aliquid
1084 3033 1212 3093 ornat'uo
1229 3034 1396 3112 occipiunt

485 3137 852 3212 ,immemoresque
867 3132 929 3195 sibi
943 3141 1021 3195 suat
1035 3154 1078 3195 ec
1093 3130 1194 3215 officio
1208 3132 1396 3215 socienda:

487 3240 519 3295 et
535 3231 575 3294 de
591 3232 752 3310 Samuele,
767 3234 826 3315 qui
839 3234 930 3297 docet
943 3234 1026 3318 jope
1045 3232 1242 3313 sacrificium
1262 3252 1327 3295 erre
1341 3236 1396 3296 de·

487 3334 560 3397 bere
579 3336 617 3397 io
637 3335 727 3397 dorem
739 3335 878 3418 judicas,
894 3358 965 3421 quae
986 3338 1126 3419 seipsum
1148 3335 1308 3397 oblatione
1321 3335 1395 3417 jus-

489 3438 583 3524 tirio,
598 3444 631 3498 et
647 3436 801 3499 hortorum
817 3458 949 3516 operam
964 3438 1092 3499 exhibet
1109 3438 1260 3517 templum
1278 3436 1353 3497 Dei.

489 3560 559 3620 Son
588 3560 865 3621 crebrescentibus
895 3561 991 3635 vitiis,
1021 3561 1116 3622 etiam
1145 3562 1179 3623 in
1210 3562 1294 3624 clero
1323 3571 1397 3624 sunt

442 3658 540 3722 hodie
570 3656 776 3733 continentiae
802 3666 899 3719 tantae
928 3660 1077 3738 exempla
1102 3662 1270 3734 rarissima,
1298 3682 1396 3743 quum

444 3773 551 3825 tamen
575 3757 615 3821 de
631 3777 765 3820 censura
782 3757 904 3837 legum,
923 3778 1047 3821 summa
1062 3760 1261 3823 continentia
1281 3762 1396 3843 magis-

443 3860 577 3923 tratibus
599 3857 748 3921 omnibus
770 3856 811 3918 sit
831 3856 964 3921 indicta.
1009 3855 1101 3919 Adeo
1122 3858 1265 3938 quidem,
1281 3868 1317 3919 ut
1339 3860 1397 3941 qui

443 3958 634 4022 ordinariam
645 3957 779 4038 gesserit
787 3966 988 4039 potestatem,
1002 3954 1157 4043 quicquid
1169 3976 1211 4017 ex
1221 3965 1326 4018 vetere
1339 3957 1394 4022 de·
1460 3964 1476 3980 ”

441 4060 611 4141 legationis
631 4060 722 4122 titulo
737 4059 961 4143 profligaverit,
977 4082 1049 4124 cum
1072 4052 1241 4140 dispendio
1262 4058 1395 4140 pudoris

443 4178 539 4245 atque
561 4162 705 4237 fortunae,
729 4160 762 4222 id
789 4172 848 4236 est,
873 4161 1002 4225 donoris
1028 4171 1123 4243 atque
1151 4158 1326 4251 dignitatis
1353 4160 1393 4225 de

442 4262 579 4347 propriis
593 4261 798 4324 facultatibus
819 4262 904 4325 intra
925 4262 1120 4344 provinciam
1139 4262 1264 4345 positus
1279 4262 1392 4325 inferre
