3425 5367
334 719 405 765 car.
419 701 541 780 xxvia]
684 717 939 764 maroaarrcus.
1227 706 1285 766 137

335 891 452 934 casum.
497 867 601 934 Patris
620 890 751 954 qunque
774 866 943 954 parricidae
969 866 1160 931 desiderium
1184 867 1285 932 adim-

336 969 453 1055 pletur,
475 968 552 1034 dum
575 969 690 1034 fratres
711 969 813 1054 impii,
837 969 957 1054 quibus
983 969 1174 1054 imprecatus
1195 983 1285 1055 opta-

335 1083 435 1148 verat,
459 1083 496 1136 ut
521 1070 606 1134 ferro
629 1070 753 1155 generis
775 1070 933 1134 consortia
956 1069 1140 1145 dissilirent,
1163 1070 1286 1135 mutuis
1321 1052 1327 1064 ’

335 1169 522 1235 vulneribus
537 1183 684 1256 pereunt,
699 1182 731 1234 et
747 1169 876 1234 alternis
895 1169 1010 1252 gladiis
1031 1183 1286 1256 prosternuntur.

336 1273 466 1338 Croesus
488 1271 627 1335 maxima
650 1293 757 1354 regna,
780 1269 806 1334 si
828 1269 937 1354 Halyn
957 1269 1222 1354 transgrediatur,
1245 1270 1287 1335 de

335 1373 535 1437 oraculorum
548 1372 611 1436 lide
624 1373 684 1436 sibi
697 1373 876 1457 subjectum
887 1372 927 1435 iri
938 1372 1080 1438 conlidit.
1111 1372 1173 1435 Sed
1185 1397 1285 1458 quum

336 1497 387 1538 res
415 1475 447 1538 in
476 1475 671 1539 contrarium
698 1473 836 1548 cesserit,
862 1473 961 1537 fallax
988 1473 1108 1559 Apollo
1133 1497 1165 1537 se
1195 1475 1288 1540 unius

337 1575 462 1640 verbuli
479 1575 742 1661 aequivocatione,
757 1573 893 1639 absolvit
908 1574 949 1638 ab
964 1573 1085 1636 invidia
1104 1576 1287 1641 mentiendi.

339 1674 423 1752 Quid
448 1675 616 1760 Pyrrhus?
655 1674 809 1741 Romanis
831 1674 936 1750 victis,
959 1696 1042 1758 quos
1063 1697 1147 1759 soepe
1167 1674 1201 1736 in
1223 1675 1289 1738 acie

338 1776 458 1841 virtute
472 1775 613 1853 fuderat,
628 1776 780 1841 beneficio
800 1775 918 1840 Phoebi
938 1775 999 1839 sibi
1020 1774 1177 1860 promittit
1192 1775 1291 1861 impe·

338 1877 432 1953 rium,
456 1877 511 1942 sed
534 1877 782 1964 irreparabiliter
799 1889 931 1954 stratus,
951 1876 983 1940 in
1001 1876 1139 1961 seipsum
1161 1878 1289 1942 retorsit

339 1977 477 2063 culpam,
501 1977 558 2064 qui
589 1977 857 2064 amphibologiam
884 1976 1005 2040 oraculi
1035 1977 1139 2042 minus
1170 1977 1291 2043 utiliter

337 2079 503 2145 intellexit.
543 2079 598 2144 Ad
614 2079 751 2144 notiores
767 2091 946 2144 transeatur
960 2077 1118 2144 historias.
1164 2083 1289 2166 Appius

338 2201 436 2265 quum
451 2181 545 2244 unica
559 2193 591 2246 et
607 2179 774 2264 singularis
789 2179 890 2244 civilis
905 2178 981 2244 belli
996 2192 1167 2266 tempestas
1181 2182 1288 2245 orbem

337 2293 530 2360 concuteret,
544 2280 679 2347 docente
702 2280 826 2344 Phoebo
839 2283 873 2345 in
889 2280 959 2343 sinu
984 2281 1129 2345 Euboico
1148 2282 1289 2366 quietem

338 2383 507 2467 quaerit,et
523 2395 656 2446 mortem
670 2381 798 2447 invenit.
832 2380 1006 2446 Oracnlum
1018 2381 1149 2466 quidem
1161 2395 1290 2446 auctore

339 2481 473 2548 Lucano
487 2481 609 2546 celebre
623 2491 689 2546 cst:

479 2605 582 2674 Effugis
593 2607 714 2674 ingentes
725 2608 792 2660 tanti
804 2607 959 2661 discriminis
971 2626 1064 2681 expers

479 2690 621 2756 Bellorum,
635 2691 762 2756 Romane,
774 2693 867 2756 minas,
879 2691 999 2762 solusque
1011 2694 1125 2763 quietem

480 2775 591 2829 Euboici
601 2774 692 2828 lateris
702 2776 791 2829 media
801 2775 917 2829 convalle
928 2778 1038 2830 tenebis.

342 2885 405 2950 Sed
421 2907 461 2950 ne
475 2885 623 2950 falsitatis
644 2899 720 2953 nota
743 2887 776 2951 in
797 2887 946 2952 historias
965 2911 1028 2952 nnn
1043 2887 1170 2952 oracula
1185 2887 1293 2952 rel'un-

340 2987 450 3064 datur,
479 2988 639 3065 canonica,
664 3001 697 3054 et
726 2988 778 3053 cui
807 2988 889 3055 fides
911 2989 1079 3054 incolumis
1107 2989 1290 3076 acquiescit,

340 3089 532 3156 discutiatur
559 3089 700 3155 historia.
756 3091 832 3157 Saul
857 3095 889 3156 in
917 3104 1088 3177 tyrannum
1115 3114 1224 3158 versus
1248 3115 1290 3157 ex

340 3189 602 3277 principa,quum
612 3190 816 3275 exigentibus
826 3191 930 3277 culpis
938 3192 1195 3257 essetaDomino
1203 3192 1292 3256 dere-

340 3291 445 3370 lictus,
462 3305 494 3358 ct
510 3292 664 3357 adversus
678 3296 835 3378 populum
852 3293 994 3374 Domini,
1008 3316 1046 3357 eo
1060 3293 1143 3357 duoe
1156 3293 1289 3356 invales-

341 3407 425 3460 ceret
450 3415 564 3458 manua
589 3393 724 3472 hostilis,
750 3391 893 3457 solicitus
917 3391 1025 3456 fractis
1048 3392 1145 3457 rebus
1168 3392 1290 3456 exitum

342 3495 535 3582 inquirebat.
582 3494 753 3561 Consuluit
778 3517 856 3580 ergo
883 3493 1069 3573 Dominum,
1094 3507 1127 3559 et
1153 3516 1217 3558 non
1241 3516 1290 3559 re·

340 3595 472 3684 spondit
490 3599 532 3672 ei,
553 3619 657 3678 neque
678 3618 736 3684 per
755 3595 888 3671 somnia,
903 3618 1008 3682 neque
1025 3618 1083 3680 per
1102 3595 1291 3674 sacerdotes,

343 3719 447 3784 neque
466 3719 524 3784 per
541 3698 723 3785 prophetas.
769 3698 844 3760 Hoc
863 3711 969 3762 tamen
984 3698 1014 3761 ei
1028 3710 1103 3763 ante
1121 3697 1292 3762 denuncia-

342 3811 433 3865 verat
452 3799 593 3875 Samuel,
608 3799 686 3886 quia
706 3799 883 3864 Dominum
902 3797 1091 3884 poenitebat,
1106 3797 1193 3883 quod
1216 3819 1291 3862 eum

342 3901 549 3967 constituerat
569 3923 687 3986 regem,
701 3923 739 3966 eo
761 3900 849 3986 quod
873 3921 936 3962 non
955 3898 1143 3984 impleverat
1158 3898 1291 3963 verbum

345 4002 486 4082 Domini,
496 4001 649 4067 suadente
660 4001 804 4080 avaritia,
816 4022 948 4088 parcens
960 4001 1058 4086 Agag
1071 3999 1139 4084 regi
1150 3999 1293 4086 pinguis-

344 4101 434 4177 simo,
456 4111 489 4165 et
510 4099 625 4186 opimis
649 4099 803 4186 gregibus
827 4097 934 4162 ovium
958 4109 991 4160 et
1011 4109 1238 4174 armentorum,
1261 4110 1293 4161 et

343 4199 496 4276 vestibus,
512 4213 545 4264 et
558 4199 722 4280 arietibus,
736 4211 769 4263 et
786 4196 953 4276 universis,
966 4217 1041 4281 quae
1055 4195 1189 4279 pulchra
1203 4209 1294 4260 erant

344 4303 376 4366 in
386 4299 485 4368 ocutis
495 4297 616 4386 populi.
646 4295 809 4383 Quicquid
823 4317 899 4362 vero
909 4294 1056 4369 vilefuit,
1067 4307 1099 4358 et
1111 4295 1296 4378 reprobum,
