3425 5367
436 710 500 769 288
702 718 839 764 scaurus
854 716 1132 764 ssnnssnnrunsrs
1260 699 1342 779 [nin.
1359 721 1390 764 v.

438 874 467 938 ei
492 870 684 937 abstinentia
707 892 831 935 summa
853 872 1006 956 pepercit,
1031 881 1068 934 ut
1092 891 1130 932 ne
1154 868 1240 933 illam
1261 869 1391 955 quidem

436 976 603 1061 aspexerit.
649 973 721 1051 Qua
743 994 817 1035 mox
840 971 881 1035 ad
902 991 1052 1056 sponsum
1073 970 1212 1051 remissa,
1234 972 1391 1036 universae

439 1075 541 1159 gentis
561 1097 619 1161 per
639 1075 700 1139 boc
726 1073 915 1139 beneficium
939 1072 998 1138 sibi
1023 1085 1145 1137 mentes
1166 1072 1390 1138 reconciliavit.

439 1174 491 1239 Sic
501 1173 699 1239 humanitate
713 1194 859 1248 suorum,
870 1171 1043 1236 alienorum
1058 1172 1180 1237 animos
1195 1172 1254 1237 sibi
1265 1174 1392 1259 justitia

437 1272 591 1339 devinxit.
639 1272 746 1337 Simile
768 1284 815 1336 est
839 1272 927 1357 quod
952 1271 1057 1358 Scipio
1073 1272 1242 1338 Africanus
1259 1274 1292 1337 in
1315 1275 1392 1339 His-

438 1376 533 1462 pania
545 1375 646 1460 egisse
668 1374 796 1459 legitur,
811 1376 865 1437 cui
886 1396 987 1459 quum
1002 1372 1093 1459 virgo
1114 1374 1229 1439 nobilis
1250 1375 1391 1440 omnium

438 1481 471 1543 in
488 1500 523 1541 sc
536 1475 659 1541 decoris
681 1475 889 1540 admiratione
908 1488 1096 1541 convertens
1120 1477 1239 1555 oculos,
1254 1476 1393 1543 adducta

438 1592 530 1653 esset,
546 1600 614 1643 eam
630 1600 746 1665 sponso
759 1578 887 1641 nominc
901 1576 1008 1641 Alicio
1027 1577 1180 1657 reddidit,
1195 1578 1347 1663 adjiciens
1361 1594 1393 1645 et

438 1703 564 1760 aurum,
577 1680 665 1766 quod
679 1692 826 1766 parentes
840 1679 873 1742 in
887 1680 1136 1766 redemptionem
1157 1681 1292 1767 captivoe
1307 1694 1394 1747 attu-

438 1786 552 1859 lerant,
566 1794 601 1847 ut
616 1794 697 1847 esset
713 1781 829 1866 virgini
843 1781 876 1844 in
893 1780 1012 1863 dotem,
1027 1796 1084 1847 aut
1100 1786 1214 1847 marito
1228 1783 1260 1846 in
1276 1805 1394 1848 munus

438 1881 591 1969 nuptiale.
638 1886 753 1968 ltaque
782 1881 954 1968 multiplici
984 1883 1219 1969 magnificentia
1248 1883 1395 1949 universa

439 2007 518 2070 gens
532 1983 627 2056 victa,
641 2004 713 2068 quae
727 1982 811 2047 forte
825 1982 903 2047 alias
914 2006 1038 2049 cessura
1053 2007 1115 2047 non
1128 1985 1244 2063 fuerat,
1257 1984 1394 2050 Romani

439 2085 565 2171 imperii
580 2085 701 2171 populo
715 2084 855 2148 accessit.
901 2084 1050 2150 Camillis
1065 2086 1207 2151 Faliscos
1225 2086 1395 2167 obsidenti,

441 2189 592 2271 magister
606 2185 676 2250 ludi
691 2185 807 2249 liberos
823 2185 1020 2250 Faliscorum
1043 2198 1195 2274 tanquam
1210 2189 1395 2255 ambulandi

440 2312 546 2368 causa,
560 2301 653 2353 extra
667 2310 797 2352 murum
819 2288 960 2366 eductos,
976 2288 1121 2369 tradidit,
1137 2289 1245 2355 dicens
1266 2292 1396 2357 retentis

439 2390 616 2470 obsidibus,
641 2391 814 2467 civitatem,
843 2391 1016 2455 necessario
1045 2391 1202 2457 facturam
1231 2394 1394 2479 imperata.

442 2493 597 2562 Camillus
622 2515 698 2558 vero
719 2515 783 2557 non
805 2492 905 2557 solnm
929 2493 1048 2580 sprevit
1071 2494 1248 2580 perfidiam,
1272 2494 1327 2559 sed
1349 2517 1396 2559 re-

441 2596 560 2661 strictis
570 2594 718 2659 manibus
730 2607 801 2679 post
814 2605 914 2679 terga,
928 2596 1116 2679 magistrum
1129 2596 1229 2679 virgis
1238 2594 1394 2681 agendum

441 2697 482 2764 ad
508 2709 656 2787 parentes
681 2697 789 2782 pueris
814 2695 959 2772 tradidit,
985 2695 1123 2781 adeptus
1152 2695 1305 2761 beneficio
1334 2695 1397 2760 vic-

441 2800 569 2876 toriam,
584 2821 681 2885 quam
698 2796 812 2862 fraude
832 2820 894 2861 non
910 2797 1127 2883 concupierat.
1173 2802 1258 2863 Nam
1279 2796 1396 2861 Falisci

442 2901 484 2965 ob
499 2901 581 2965 banc
595 2900 754 2986 justitiam
770 2912 883 2985 sponte
898 2920 931 2962 se
951 2898 1150 2964 dediderunt.
1193 2901 1295 2965 Extat
1318 2920 1396 2985 quo-

443 3024 508 3086 que
530 2999 674 3085 ejusdem
698 2996 824 3065 Camilli
847 3018 910 3060 non
933 2996 1104 3081 ignobilior
1120 2996 1241 3062 titulus.
1287 2999 1394 3075 Quum

443 3100 527 3163 enim
549 3111 623 3183 post
645 3099 789 3163 subactas
814 3097 960 3163 civitates
986 3112 1017 3164 et
1046 3098 1225 3185 triumphos
1248 3100 1396 3183 insignes,

442 3200 589 3265 militaris
603 3222 717 3263 manus
730 3198 851 3263 invidia
867 3200 1035 3278 concitata,
1051 3200 1222 3265 damnatus
1236 3214 1268 3267 et
1283 3200 1396 3287 expul-

442 3324 497 3367 sus
511 3314 592 3368 esset
606 3302 745 3379 civitate,
761 3301 849 3388 quasi
870 3302 982 3388 praeda
996 3302 1157 3367 communi
1179 3302 1319 3388 iniquius
1333 3303 1396 3367 dis·

442 3404 582 3469 tributa:
614 3404 810 3468 irruentibus
833 3404 1012 3468 Senonibus
1036 3404 1138 3469 Gallis
1163 3404 1195 3468 in
1218 3404 1341 3481 urbem,
1364 3416 1396 3469 et

443 3506 598 3569 Romanis
608 3505 775 3569 undecimo
785 3504 932 3568 milliario
942 3504 1034 3568 victis
1043 3505 1131 3591 apud
1140 3504 1259 3569 flumen
1270 3504 1396 3581 Alliam,

441 3607 547 3668 necin
562 3606 631 3691 ipsa
647 3604 726 3669 urbe
745 3606 917 3689 quicquam
932 3619 1050 3691 praeter
1066 3606 1260 3693 Capitolium
1279 3604 1396 3671 servari

441 3717 558 3789 posset,
572 3719 603 3770 et
618 3706 679 3771 hoc
693 3728 773 3770 auro
787 3705 875 3785 dato,
886 3720 921 3771 ut
936 3708 1023 3771 Galli
1038 3708 1232 3789 recederent,
1245 3708 1398 3774 Camillus

441 3802 537 3868 etiam
568 3804 703 3891 ingratae
732 3805 928 3890 compatiens
958 3806 1083 3892 patriae,
1113 3806 1238 3870 eosdem
1270 3807 1397 3885 cecidit,

443 3928 558 3970 aurum
573 3907 717 3987 abstulit,
728 3908 947 3973 Romanorum
960 3907 1083 3993 aquilas
1094 3906 1278 3991 reportavit.
1302 3908 1398 3971 Unde

442 4006 474 4068 in
501 4023 592 4071 sexto
618 4009 755 4094 Virgilii,
782 4009 865 4073 inter
894 4024 1024 4074 caeteros
1049 4007 1209 4073 AEneadas
1234 4007 1398 4093 praediscit

445 4108 561 4168 AEneas

687 4215 842 4270 referentem
855 4219 932 4285 signa
944 4214 1093 4267 Camillum.

446 4312 563 4398 Itaque
578 4310 619 4376 ab
633 4309 730 4376 exilio
752 4325 929 4393 revocatus,
944 4310 1037 4375 tertio
1060 4308 1263 4396 triumphans
1286 4310 1396 4375 urbem
