3425 5367
267 765 337 811 cae.
353 749 454 828 arun]
613 764 868 810 oocvcnsrrcos.
1168 743 1228 810 lla

265 913 563 1000 importunitatibus
574 925 705 978 eatenus
720 937 858 999 premor,
872 930 909 979 ut
923 915 1011 996 quod
1021 899 1222 999 inopinabile
1329 915 1333 922 ’

265 1027 325 1091 est,
350 1015 425 1081 licet
447 1015 605 1080 inveniam
630 1029 790 1080 consortes
815 1016 941 1093 erroris,
964 1020 1096 1102 propria
1121 1028 1220 1080 teme-

263 1117 358 1181 ritate
383 1116 466 1182 tueri
492 1116 694 1182 contendam.
740 1117 831 1181 Malo
856 1141 929 1184 curn
956 1117 1168 1197 Academicis,
1191 1119 1218 1181 si

262 1229 366 1282 tamen
382 1219 444 1283 alia
459 1219 509 1282 via
524 1241 588 1284 non
604 1233 723 1305 pateat,
739 1219 779 1284 de
795 1220 929 1306 singulis
942 1219 1102 1298 dubitare,
1115 1242 1215 1305 quam

262 1320 435 1404 pernitiosa
464 1320 665 1385 simulatione
694 1321 845 1399 scientiae,
872 1321 961 1408 quod
988 1322 1136 1406 ignotum
1166 1319 1217 1383 vel

261 1421 484 1485 absconditum
509 1434 569 1497 est,
593 1433 711 1485 temere
732 1421 879 1501 diffinire,
897 1424 1074 1507 praesertim
1096 1423 1129 1484 in
1151 1445 1218 1507 quo

261 1521 429 1586 assertioni
445 1544 524 1585 meae
538 1521 605 1584 fere
620 1533 708 1584 totus
722 1520 944 1584 adversabitur
957 1521 1110 1585 mundns.
1150 1525 1217 1586 Eo-

263 1645 328 1706 que
352 1619 508 1686 libentius
535 1619 743 1683 Academicos
767 1619 875 1694 audio,
897 1621 983 1705 qnod
1009 1643 1120 1684 eorum
1145 1645 1218 1705 quae

263 1722 349 1798 novi,
365 1722 445 1786 nihil
468 1723 633 1799 auferunt,
648 1735 680 1784 et
704 1721 736 1785 in
761 1720 871 1785 multia
888 1721 1011 1785 faciunt
1033 1721 1217 1798 cautiorem,

263 1844 453 1908 magnorum
468 1823 610 1886 virorum
627 1821 818 1887 auctoritate
833 1821 969 1901 suffulti,
986 1845 1087 1906 quum
1103 1822 1142 1885 ad
1164 1845 1218 1885 eos

262 1923 359 1988 etiam
382 1925 416 1988 in
443 1937 605 1988 senectute
631 1924 791 1990 transierit
815 1923 879 2000 ille,
903 1925 937 1987 in
963 1948 1030 2010 quo
1057 1924 1217 1989 Latinitas

263 2037 373 2090 nostra
397 2025 463 2090 solo
488 2026 620 2102 invenit,
643 2025 797 2112 quicquid
823 2025 970 2090 insolenti
997 2027 1134 2091 Graeciae
1154 2027 1216 2090 ele·

262 2137 377 2211 gauter
396 2127 541 2212 opponit,
559 2138 616 2190 aut
638 2126 780 2211 praelert,
800 2127 982 2190 Ciceronem
1005 2126 1130 2212 loquor,
1147 2128 1215 2190 Ro·

263 2225 348 2288 mani
370 2239 532 2290 auctorem
555 2225 685 2311 eloquii,
700 2247 794 2310 quem
817 2225 859 2288 ad
881 2249 945 2301 eos,
961 2226 1053 2311 quasi
1074 2226 1106 2291 in
1128 2225 1215 2290 calce

262 2323 348 2402 vitea,
367 2327 541 2401 divertisse,
564 2326 645 2389 liber
667 2329 718 2391 De
739 2339 854 2391 natura
876 2327 1009 2390 deorum
1031 2328 1216 2414 inscriptus,

261 2424 363 2492 docet.
407 2427 554 2492 Efferant
579 2425 678 2490 Stoici
698 2426 909 2511 inopinabiles
935 2431 1109 2492 sententias
1129 2451 1214 2505 suas,

263 2547 345 2612 quas
377 2527 558 2612 paradoxas
588 2538 713 2605 vocant,
744 2549 831 2590 veras
864 2527 1006 2612 quidem,
1035 2529 1215 2613 praeclaras,

263 2639 295 2690 et
326 2625 545 2691 admirabiles:
587 2648 646 2690 nos
674 2624 788 2712 pingui
823 2626 871 2702 (ut
900 2626 1035 2709 dicitur)
1067 2628 1217 2690 Minerva

263 2741 406 2815 agentes,
421 2729 501 2792 nihil
521 2751 629 2792 eorum
652 2727 876 2813 approbamus,
892 2750 966 2811 quae
986 2727 1146 2802 omnibus,
1162 2741 1218 2792 aut

263 2831 422 2917 pluribus,
448 2841 505 2894 aut
536 2829 733 2913 sapientibus
762 2826 894 2911 singulis
918 2831 952 2890 in
977 2828 1131 2892 facultate
1160 2851 1218 2892 sua

261 2931 533 3019 probabilioribus
558 2929 639 2994 falsa
664 2952 731 2994 esse
754 2929 915 2994 videntur.
959 2930 1028 2993 Nec
1053 2930 1079 2994 si
1105 2931 1218 2996 Cicero

258 3035 339 3120 ipse,
365 3045 422 3096 aut
450 3031 651 3108 Aristoteles,
679 3029 875 3118 impossibile
900 3053 940 3095 ex
971 3030 1115 3117 possibili
1141 3055 1215 3118 pro-

259 3135 391 3216 ducant,
405 3133 668 3220 acquiescendum
687 3155 810 3210 censeo,
825 3155 877 3197 me
897 3135 1016 3218 potius,
1032 3133 1142 3221 aliqua
1155 3135 1214 3198 fal-

260 3236 350 3301 lacise
372 3236 458 3300 nube
483 3234 664 3321 deceptum,
689 3234 908 3299 verosimiliter
930 3235 1095 3321 opinabor.
1140 3240 1213 3300 Hac

260 3359 337 3422 ergo
359 3337 411 3400 vla
433 3333 610 3400 tendiculas
636 3345 708 3400 tuas
737 3334 894 3420 egredior,
918 3347 955 3398 ut
980 3334 1084 3398 dicam
1109 3337 1215 3419 prosi·

260 3437 398 3503 dentiam
414 3436 483 3501 l'alli
505 3459 567 3500 non
584 3459 687 3522 posse,
704 3458 770 3499 rem
793 3447 900 3500 tamen
915 3456 991 3520 quac
1007 3438 1136 3521 provisa
1153 3450 1212 3511 est,

260 3561 352 3626 posse
366 3562 429 3603 non
444 3539 580 3602 evenire.
611 3538 674 3605 Sed
690 3535 769 3624 quid
784 3537 902 3602 inferre
915 3537 1124 3616 consueveris,
1139 3538 1216 3603 scio.

260 3643 351 3726 Ergo
376 3641 524 3728 possibile
549 3654 608 3719 est,
635 3665 704 3706 eam
731 3663 792 3704 non
819 3663 887 3704 esse
911 3641 1089 3726 praevisam.
1133 3646 1215 3708 Esto

259 3741 402 3830 inquam.
434 3745 507 3820 Quo
523 3742 607 3807 ultra
622 3742 859 3828 progredieris?
885 3744 976 3827 Ergo
990 3740 1098 3830 inquis
1116 3745 1216 3808 recla-

259 3857 365 3909 mante
383 3843 599 3930 Philosophia,
615 3857 647 3909 et
662 3843 751 3931 quod
765 3857 812 3908 est
829 3866 891 3908 nou
906 3867 985 3920 esse,
1000 3861 1033 3909 et
1047 3845 1135 3929 quod
1151 3846 1216 3910 fuit

259 3945 409 4031 possibile
435 3959 482 4010 est
507 3967 569 4010 non
595 3945 706 4021 fuisse,
730 3959 762 4010 et
788 3969 864 4031 quae
888 3947 958 4030 jam
983 3945 1217 4030 praeterierunt,

258 4047 398 4112 revocari
424 4059 556 4134 possum
581 4069 621 4110 ne
646 4049 778 4112 suerint.
823 4050 870 4112 Et
898 4045 1029 4130 quidem
1056 4047 1214 4112 infinitam

259 4149 436 4234 potentiam
452 4147 526 4226 Dei,
543 4149 714 4214 scientiolas
734 4161 765 4214 et
786 4149 977 4215 ratiunculoe
991 4171 1071 4214 meae
1091 4150 1218 4234 legibus

258 4271 322 4313 non
337 4261 477 4324 coarctoc
509 4272 567 4314 nec
587 4253 616 4314 ei
639 4251 746 4328 finem,
771 4273 845 4337 quae
869 4272 931 4314 non
954 4249 1062 4327 babet,
1077 4250 1218 4337 impono,

262 4347 336 4414 Scio
350 4353 433 4416 enim
449 4351 527 4436 quia
546 4351 651 4416 omnia
667 4363 792 4437 potest3
824 4351 881 4416 sed
904 4363 1012 4416 tamen
1034 4353 1113 4435 quia
1135 4377 1222 4420 men-

719 4459 768 4514 12
