3425 5367
452 748 516 805 ast
716 759 852 804 ioannis
870 758 1150 804 sannsnnamnsrs
1264 740 1343 818 [ms.
1361 757 1405 800 1v.

450 910 597 975 muliebri
627 908 815 973 infirmitate
844 908 954 993 legens
986 909 1130 993 vestigia.
1176 906 1403 992 Compatriotis

447 1010 595 1075 omnibus
609 1010 724 1075 ducem
750 1006 851 1087 dedit,
866 1007 970 1072 virum
995 1009 1100 1084 armis,
1117 1019 1148 1071 et
1175 1006 1294 1092 pietate
1320 1028 1402 1090 prae·

447 1113 579 1197 signem.
625 1110 716 1175 Alias
738 1109 821 1173 enim
848 1108 916 1173 dux
946 1122 1027 1173 esset
1049 1108 1182 1189 inutilis,
1203 1128 1303 1193 quum
1335 1106 1401 1169 sine

445 1213 567 1276 viribus
592 1235 690 1298 regna
715 1209 838 1295 acquiri
862 1232 923 1273 non
951 1210 1087 1285 valeant,
1107 1221 1164 1273 aut
1186 1208 1253 1271 sine
1271 1207 1400 1293 justitia

445 1313 582 1378 retineri.
628 1316 724 1378 Nunc
747 1332 822 1373 vero
847 1312 989 1375 omnium
1017 1311 1111 1375 unica
1134 1308 1316 1375 sollicitudo
1338 1322 1399 1373 est,

444 1415 571 1491 liberos,
583 1418 819 1501 qualescunque
832 1412 906 1490 sint,
916 1413 1037 1477 divitiis
1045 1428 1078 1477 et
1092 1412 1267 1477 honoribus
1279 1412 1398 1497 potins,

444 1540 542 1603 quum
565 1517 740 1581 virtutibus
754 1514 915 1600 insignire.
961 1516 1148 1601 Negligitur
1170 1514 1285 1580 etenim
1309 1514 1398 1600 quod

444 1642 525 1683 onus
544 1616 729 1701 reipublicae
749 1616 940 1701 imponatur.
987 1617 1135 1702 Expulso
1155 1616 1302 1703 Superbo
1319 1619 1398 1680 Tar-

443 1718 565 1804 quinio,
577 1718 634 1804 qui
649 1717 793 1801 regnavit
805 1717 836 1779 in
854 1718 933 1781 urbe
944 1719 1145 1795 novissimus,
1157 1740 1256 1804 quum
1272 1721 1397 1782 Brutus

331 1840 346 1857 ²
442 1818 565 1906 primus
587 1817 707 1885 Consul
725 1817 841 1882 liberos
863 1840 937 1881 suos
958 1817 999 1881 de
1021 1817 1206 1881 revocandis
1227 1817 1258 1880 in
1284 1818 1395 1882 urbem

440 1920 570 2005 regibus
588 1942 682 2004 agere
701 1917 911 2002 cognovisset,
926 1942 979 1983 eos
999 1919 1158 2005 protraxit
1175 1918 1206 1982 in
1229 1918 1347 1996 forum,
1363 1928 1396 1981 et

440 2021 473 2084 in
489 2020 593 2084 media
608 2020 756 2083 concione
770 2018 869 2103 virgis
888 2042 996 2100 caesos,
1011 2020 1138 2084 tandem
1154 2022 1255 2083 securi
1270 2020 1394 2105 percuti

436 2122 545 2209 jussit,
561 2133 597 2184 ut
618 2121 711 2207 plane
733 2120 881 2206 publicus
903 2142 1025 2207 parens,
1040 2121 1072 2184 in
1095 2120 1198 2185 locum
1223 2120 1395 2184 liberorum

438 2222 602 2286 videretur
630 2220 786 2306 populum
821 2222 998 2308 adoptasse.
1052 2224 1126 2307 Ego
1161 2221 1301 2307 quidem,
1332 2221 1389 2286 etsi

437 2322 643 2408 parricidium
662 2322 911 2409 perhorrescam,
926 2322 1075 2389 Consulis
1096 2346 1159 2387 non
1174 2346 1304 2409 possum
1325 2346 1387 2386 non

436 2424 614 2510 approbare
628 2424 735 2505 fidem,
753 2429 811 2510 qui
831 2426 944 2490 maluit
965 2425 1099 2491 salntem
1120 2426 1295 2490 liberorum
1317 2448 1389 2489 suo-

436 2549 507 2591 rum
523 2526 709 2612 periclitari,
723 2550 820 2613 quam
836 2527 956 2613 populi.
996 2526 1149 2593 Rectene
1164 2528 1286 2606 fecerit,
1298 2528 1387 2615 judi·

434 2641 506 2693 cent
521 2629 688 2715 sapientes.
727 2631 801 2716 Ego
823 2630 907 2693 enim
928 2652 1076 2717 campum
1091 2630 1186 2694 istum
1209 2632 1389 2697 oratoribus

433 2730 497 2796 late
512 2744 620 2819 patere
641 2734 787 2819 cognovi,
803 2747 835 2797 et
851 2733 884 2796 in
906 2756 944 2797 eo
958 2732 1185 2798 declamatores
1205 2733 1239 2796 in
1254 2734 1389 2820 ancipiti

432 2835 565 2899 materia
584 2834 700 2922 saepius
722 2834 904 2916 desudasse,
919 2835 996 2900 dum
1020 2835 1051 2899 in
1068 2835 1266 2900 absolutione
1285 2836 1386 2922 parri-

432 2936 504 3001 cidii
531 2937 611 3002 fides
632 2937 767 3017 laborat,
789 2951 821 3001 et
843 2936 1042 3023 parricidalis
1065 2937 1213 3023 impietas
1237 2938 1385 3001 meritum

430 3037 504 3102 fidei
519 3052 653 3103 conatur
672 3039 870 3125 extinguere.
908 3038 1004 3112 Quod
1026 3038 1051 3102 si
1071 3062 1121 3102 me
1136 3039 1175 3102 ad
1200 3039 1386 3104 sententiam

429 3162 536 3225 urges,
566 3141 742 3228 respondeo
771 3142 861 3227 quod
887 3142 920 3203 in
949 3164 1044 3205 causa
1075 3142 1256 3229 Smyrnensi
1285 3146 1386 3205 Areo-

428 3242 554 3329 pagitas
569 3246 629 3312 On.
643 3243 819 3308 Dolabellae
834 3244 962 3307 invenio
974 3248 1181 3330 respondisse.
1216 3244 1266 3309 Ad
1279 3266 1386 3331 quem,

424 3346 619 3431 provinciam
643 3348 754 3412 Asiam
778 3346 997 3433 proconsulari
1019 3346 1154 3433 imperio
1176 3348 1383 3425 obtinentem,

424 3448 538 3513 mulier
555 3449 754 3533 Smyrnensis
768 3448 910 3513 adducta
926 3460 985 3526 est,
1001 3449 1155 3513 confitens
1170 3471 1202 3511 se
1218 3447 1381 3537 maritum,

304 3576 309 3586 ·
423 3561 455 3612 et
478 3547 591 3628 filium,
605 3549 689 3613 datis
711 3550 792 3613 clam
817 3550 956 3624 venenis,
979 3549 1141 3626 occidisse,
1164 3571 1202 3613 eo
1224 3548 1313 3635 quod
1334 3547 1382 3612 illi

423 3647 523 3711 filium
539 3650 610 3733 ejus
625 3672 665 3711 ex
677 3648 777 3713 altero
789 3652 992 3715 matrimonio
1005 3651 1176 3737 optimum,
1189 3668 1221 3716 et
1233 3651 1381 3716 innocen-

422 3748 579 3814 tissimum
590 3751 742 3836 juvenem
758 3765 930 3838 exceptum
946 3751 1069 3818 insidiis
1090 3754 1235 3841 nequiter
1249 3753 1379 3817 occidis·

421 3864 502 3934 sent,
516 3852 576 3917 sibi
595 3854 719 3918 licitum
740 3877 807 3918 esse
822 3876 962 3918 asserens
981 3878 1021 3918 ex
1036 3855 1237 3941 indulgentia
1259 3854 1377 3937 legum,

421 3963 453 4014 et
463 3952 520 4036 jus
535 3954 693 4039 ignorare,
709 3967 741 4017 et
757 3944 858 4031 suam,
874 3968 907 4019 et
929 3976 1072 4032 snorum,
1087 3969 1119 4019 et
1136 3953 1376 4037 totiusreipub-

421 4052 490 4119 licae
506 4078 583 4133 suae,
599 4068 665 4119 tam
681 4068 819 4120 atrocem
834 4056 984 4142 injuriam
1003 4056 1171 4121 vindicare.
1209 4056 1233 4118 J
1236 4078 1272 4118 ns
1286 4064 1379 4119 extra

422 4177 549 4221 causam
565 4170 645 4233 erat,
660 4180 761 4242 quum
773 4157 813 4221 de
824 4159 911 4224 facto
925 4171 1091 4237 constaret,
1102 4172 1134 4223 et
1150 4158 1190 4223 de
1200 4159 1276 4244 jure
1291 4180 1378 4244 quae-

418 4270 550 4321 teretur.
590 4258 697 4334 Quum
713 4281 790 4344 ergo
813 4258 981 4324 Dolabella
995 4280 1061 4323 rem
1082 4259 1115 4323 in
1132 4258 1298 4326 concilium
1323 4259 1378 4324 de-

416 4358 571 4441 duxisset,
585 4382 647 4423 non
664 4360 722 4425 suit
739 4361 805 4447 qui,
817 4362 854 4424 ‘in
870 4374 1016 4427 causant
1039 4363 1218 4449 putabatur
1233 4362 1376 4448 ancipiti,
