3425 5367
450 689 514 749 981
723 700 861 745 sutrium
875 698 1152 745 srnusnutueusis
1274 682 1355 761 [uin.
1371 704 1401 747 v.

452 854 575 918 tristem
604 850 744 937 uliquem
765 874 833 915 esse
855 871 917 913 non
939 848 1090 935 patiatur.
1136 852 1207 925 Qun
1238 865 1403 918 vernante

451 956 487 1021 id
516 957 584 1031 fiet,
605 953 732 1017 moralis
752 975 886 1039 enmpus
915 952 1079 1038 subjectus
1107 954 1289 1039 exequitur,
1314 968 1403 1019 tantu

451 1057 583 1145 quidem
603 1054 787 1120 emoenitete
807 1054 935 1133 florum,
956 1067 988 1118 et
1005 1051 1169 1119 fruetuum
1193 1056 1350 1130 ubertate,
1365 1069 1402 1121 ut

452 1158 575 1245 siquis
594 1178 669 1221 eum
690 1156 883 1241 ingreditur,
909 1154 1050 1219 andisi
1073 1179 1106 1219 se
1127 1156 1248 1221 deliciis
1264 1158 1403 1243 gaudeat

451 1262 612 1327 interesse.
635 1257 1065 1323 Mirarisl'orteetnttouitns
1074 1258 1281 1344 obstupescis,
1292 1282 1402 1345 quem-

453 1385 550 1451 quem
571 1363 606 1426 iu
631 1360 729 1425 exilio
748 1360 853 1424 earnis
874 1360 982 1445 hujus,
1011 1372 1108 1424 tnutae
1136 1360 1313 1426 dulcedinis
1337 1384 1403 1425 esse

453 1464 654 1553 principem,
667 1478 701 1528 et
721 1462 897 1529 eoelestium
911 1464 1028 1527 civium
1043 1486 1110 1527 esse
1124 1467 1295 1531 concivem.
1341 1464 1404 1530 Sed

454 1592 495 1634 tu
517 1568 564 1633 its
590 1590 658 1631 esse
683 1566 794 1651 possit,
820 1588 862 1628 ex
891 1566 1042 1650 operibus
1071 1565 1130 1628 viri
1159 1567 1240 1651 justi
1271 1580 1308 1631 tu
1337 1570 1405 1652 ipse

454 1668 607 1757 dijudier.
652 1668 689 1734 Si
717 1666 831 1752 negari
855 1666 945 1752 quod
968 1666 1116 1732 volebant
1144 1670 1347 1754 pauperibus,
1373 1682 1405 1734 et

455 1771 567 1837 oculus
589 1770 699 1835 vidue
721 1783 891 1855 expectare
915 1769 986 1834 feci.
1031 1772 1066 1835 Si
1087 1771 1210 1835 comedi
1233 1771 1403 1835 buccellam

455 1895 558 1937 metm
580 1872 679 1949 sulus,
699 1886 734 1936 et
753 1893 817 1935 non
838 1872 977 1937 eomedit
998 1872 1143 1959 pupillus
1156 1897 1196 1937 ex
1212 1898 1259 1949 en,
1274 1876 1349 1961 quia
1365 1876 1406 1939 ab

456 1974 591 2039 infantia
610 1974 711 2037 ererit
733 1995 857 2037 mecum
880 1974 1052 2052 miseratio,
1067 1988 1100 2038 et
1121 1974 1163 2039 de
1185 1988 1277 2040 utero
1299 1977 1406 2040 matris

456 2096 537 2138 mee
551 2095 678 2158 egresse
696 2084 746 2136 est
767 2094 902 2135 meeum.
948 2072 980 2137 Si
1003 2072 1134 2159 despexi
1154 2090 1406 2161 pretereuntem,

456 2174 597 2261 eoquod
611 2194 676 2237 nou
695 2171 843 2238 brbirerit
864 2173 1098 2255 indumentum,
1111 2190 1144 2241 et
1165 2176 1285 2263 ubsque
1306 2178 1407 2263 operi-

457 2288 566 2342 mento
585 2297 770 2363 pauperem.
814 2276 849 2341 Si
875 2298 938 2339 nou
964 2276 1182 2343 benedixerint
1206 2279 1285 2343 mihi
1310 2280 1408 2344 latera

456 2377 539 2465 ejus,
551 2388 586 2442 et
606 2376 649 2441 de
670 2375 842 2441 velleribus
862 2376 971 2440 orium
993 2400 1134 2442 mearum
1157 2378 1329 2445 calefactus
1348 2392 1405 2444 est.

459 2479 494 2545 Si
504 2477 608 2543 lereti
618 2500 716 2567 super
722 2477 882 2565 pupillum
894 2501 1023 2543 manum
1034 2502 1146 2560 meam,
1157 2504 1259 2566 quum
1268 2481 1407 2546 viderem

458 2580 557 2647 mein
571 2594 666 2667 porte
678 2580 884 2666 superiorem,
893 2580 1046 2645 humerus
1054 2604 1144 2645 meus
1157 2605 1177 2646 n
1186 2584 1339 2670 junctura
1354 2606 1411 2647 sun

458 2681 565 2759 udat,
589 2695 623 2748 et
646 2682 814 2748 brachium
839 2704 948 2747 meum
972 2706 1045 2749 eum
1071 2684 1196 2749 ossibus
1220 2698 1411 2751 conteratur.

461 2785 594 2871 Semper
613 2784 696 2849 enim
716 2787 808 2871 quasi
829 2798 989 2850 tumentes
1009 2784 1126 2851 fluctus
1140 2809 1236 2873 super
1255 2810 1305 2852 me
1319 2787 1412 2852 timui

460 2887 582 2965 Deum,
603 2898 636 2951 et
659 2884 788 2973 pondus
809 2887 879 2972 ejus
901 2886 985 2951 ferre
1007 2910 1069 2952 non
1094 2890 1195 2975 potui.
1241 2890 1275 2954 Si
1300 2890 1410 2977 putavi

459 3005 575 3049 nurum
597 2986 696 3051 robur
716 3008 835 3065 meum,
847 3000 881 3051 et
902 2986 970 3051 dixi
992 2989 1235 3056 obrirofiducia
1256 3014 1334 3058 meu
1380 2992 1412 3056 Si

462 3082 669 3151 laetetuesnm
681 3106 779 3171 super
788 3086 901 3151 multis
914 3086 1036 3153 divitiis
1044 3092 1133 3171 meis,
1143 3106 1175 3159 et
1189 3098 1266 3181 quie
1277 3095 1414 3179 plurima

459 3180 577 3267 reperit
600 3204 714 3251 manue
733 3206 813 3251 mee
860 3186 893 3251 Si
908 3186 975 3253 vidi
989 3190 1086 3255 solem
1102 3216 1204 3279 quum
1219 3195 1366 3281 fulgeret,
1380 3209 1414 3261 et

461 3282 570 3350 lunum
585 3285 783 3354 incedentem
797 3286 892 3370 clere,
906 3303 939 3355 et
953 3290 1098 3358 laetetum
1119 3309 1167 3361 est
1181 3297 1214 3360 in
1229 3297 1414 3363 abscondito

461 3408 516 3452 eor
533 3408 653 3469 meum,
665 3402 698 3455 et
719 3390 880 3456 osculatus
902 3414 971 3456 sum
988 3416 1117 3461 manum
1141 3421 1242 3463 meam
1257 3422 1312 3463 ore
1333 3422 1414 3478 meo,

461 3508 537 3571 que
558 3499 606 3553 est
628 3487 782 3573 iniquitas
803 3490 954 3573 maxima,
975 3505 1008 3557 et
1031 3498 1160 3582 negatio
1181 3510 1291 3564 contre
1308 3500 1414 3563 Deum

461 3585 661 3651 altissimum.
706 3590 742 3653 Si
756 3592 888 3673 gavisus
909 3614 978 3656 sum
1001 3594 1043 3658 ad
1066 3601 1190 3663 ruinam
1209 3602 1351 3689 ejusqui
1366 3623 1416 3665 me

462 3685 585 3766 oderat,
599 3700 632 3751 et
649 3687 792 3753 exultavi
813 3690 900 3776 quod
923 3692 1094 3763 invenisset
1112 3722 1185 3765 eum
1208 3704 1337 3770 malum.
1383 3702 1416 3767 Si

462 3808 526 3851 nou
541 3786 694 3854 dixerunt
708 3788 767 3853 viri
784 3790 979 3857 tabernaculi
1000 3796 1072 3877 mei,
1086 3798 1160 3885 quis
1181 3800 1235 3866 det
1256 3803 1297 3865 de
1316 3804 1420 3867 carui·

463 3889 525 3955 bus
538 3892 608 3977 ejus
623 3904 661 3955 ut
675 3897 877 3957 saturemur?
901 3895 996 3963 Folle
1010 3920 1074 3964 non
1093 3901 1205 3965 mansit
1221 3903 1420 3987 peregrinus,

462 3991 580 4056 ostium
595 4013 701 4055 meum
717 3994 823 4078 putuit
838 3994 961 4062 viatori.
999 3999 1033 4063 Si
1048 3998 1198 4065 abscondi
1214 4005 1306 4088 quasi
1323 4006 1419 4071 homo

463 4104 629 4179 peccatum
650 4114 769 4173 meum,
790 4110 822 4163 et
844 4098 954 4165 celavi
976 4102 1008 4165 in
1031 4100 1100 4164 sinu
1124 4124 1194 4167 meo
1216 4105 1418 4192 iniquitatem

465 4215 576 4258 meam.
622 4194 656 4259 si
677 4198 793 4282 expavi
815 4200 856 4265 ad
880 4200 1117 4267 multitudinem
1142 4204 1283 4289 nimiam,
1305 4223 1337 4277 et
1363 4211 1419 4276 de-

464 4295 584 4382 spectio
602 4300 855 4385 propiuquorum
880 4304 994 4369 terruit
1013 4326 1072 4385 me,
1088 4318 1119 4373 et
1134 4328 1195 4373 non
1217 4312 1318 4398 magis
1334 4314 1419 4379 tacui
