3425 5367
462 731 502 788 94
720 741 856 788 scaurus
874 736 1152 786 ssaasasarnusrs
1276 721 1358 801 [ara.
1376 743 1413 788 ιι.

462 916 545 960 nunc
559 893 760 980 presidentis
774 891 974 956 miseratione
984 893 1119 978 rejectos
1133 893 1166 955 in
1182 913 1283 956 cunas
1293 895 1413 979 reponi.

463 997 544 1075 Quis
573 995 622 1060 vel
651 1017 756 1060 coecus
785 993 846 1058 hoc
875 993 1107 1059 ludificantium
1137 993 1320 1060 damonum
1350 1017 1415 1060 non

463 1097 570 1163 videat
585 1120 652 1162 esse
666 1095 867 1183 nequitiam?
898 1095 993 1174 Quod
1016 1100 1067 1160 rel
1089 1119 1130 1160 ex
1144 1119 1183 1160 eo
1202 1109 1304 1181 patet,
1324 1097 1414 1182 quod

463 1197 659 1262 mulierculis
672 1210 705 1262 et
720 1197 797 1262 viris
811 1196 1057 1282 simplicioribus
1077 1211 1108 1262 et
1129 1194 1360 1261 infirmioribus
1381 1198 1415 1262 in

462 1299 537 1380 lide,
551 1298 612 1364 ista
633 1297 834 1385 proveniunt.
881 1296 915 1360 Si
935 1317 1011 1361 vero
1032 1297 1202 1384 quisquam
1225 1320 1336 1361 eorum
1357 1298 1416 1384 qui

462 1401 523 1466 bac
544 1400 689 1465 illusione
710 1399 888 1475 laborabat,
910 1398 952 1463 ab
973 1398 1082 1484 aliquo
1102 1411 1293 1469 constanter,
1315 1410 1349 1462 et
1373 1421 1414 1462 ex

463 1503 561 1588 signis
592 1501 754 1588 aliquibus
786 1513 954 1587 arguatur,
983 1500 1176 1565 daemonium
1214 1500 1321 1564 statim
1358 1513 1415 1565 aut

464 1616 647 1688 superatur,
659 1615 715 1668 aut
731 1602 827 1682 cedit,
837 1615 870 1666 et
886 1615 923 1667 ut
934 1601 1064 1678 dicitur,
1076 1624 1115 1664 ex
1131 1624 1197 1686 quo
1210 1601 1283 1686 quis
1296 1604 1330 1665 in
1346 1601 1417 1665 luce

462 1708 622 1790 arguitur,
645 1717 768 1769 cessant
793 1726 890 1789 opera
915 1703 1129 1768 tenebrarum.
1174 1704 1287 1789 Hujus
1307 1717 1414 1769 autern

463 1807 561 1892 pestis
575 1829 653 1871 cura
666 1806 879 1870 efficacissima
897 1821 956 1883 est,
972 1818 1010 1870 ut
1031 1805 1127 1868 fidem
1149 1806 1224 1891 quis
1237 1805 1415 1892 amplexus,
1478 1821 1481 1823 ’

462 1907 514 1972 bis
535 1907 706 1972 mendaciis
729 1907 897 1970 subtrahat
923 1905 1038 1972 mentis
1059 1907 1218 1983 auditum,
1240 1919 1273 1971 et
1298 1930 1415 1994 nequa-

462 2033 560 2095 quam
586 2008 732 2095 respiciat
757 2008 799 2073 ad
824 2009 1009 2094 hujusmodi
1036 2010 1194 2074 vanitates
1219 2023 1251 2074 et
1279 2010 1416 2075 insanias

463 2113 568 2176 falsas.

464 2387 543 2470 Cap.
564 2391 612 2451 le.
634 2387 688 2451 Dc
698 2387 921 2470 flondomcnto
942 2387 1194 2467 Mathematicus,
1216 2396 1248 2452 ct
1268 2390 1419 2451 mercitio

505 2509 670 2562 amenum,
686 2496 717 2552 et
730 2489 854 2553 viridem
868 2492 1000 2566 animo,
1015 2496 1047 2552 ct
1068 2490 1212 2574 prosecta
1226 2491 1372 2567 cottonis,
1386 2497 1418 2552 et

506 2593 647 2678 (ψωθία
663 2591 844 2656 liberalium
860 2591 1118 2675 disciplinarum.
1279 2593 1283 2600 '

507 2730 628 2793 Possm
642 2727 765 2793 utinam
782 2740 848 2793 tam
864 2727 957 2792 facile
978 2727 1273 2793 matbematicorum
1289 2751 1377 2793 error
1398 2752 1418 2792 a

465 2831 739 2915 praestantioribus
754 2829 867 2896 animis
881 2831 1032 2906 amoveri,
1048 2853 1145 2917 quam
1161 2830 1272 2896 leviter
1285 2831 1319 2894 in
1341 2853 1416 2894 oon·

464 2943 576 3016 spectu
591 2955 674 2998 verae
689 2932 764 2996 fidei
779 2945 811 2996 et
828 2956 912 2996 sanae
926 2931 1126 2996 conscientiae
1147 2932 1282 2997 istarum
1301 2932 1419 2997 illusio-

464 3055 539 3095 num
567 3035 725 3097 daemonia
749 3035 987 3118 conquiescunt.
1037 3034 1250 3098 Veruntamen
1273 3059 1311 3098 eo
1336 3035 1419 3121 peri·

464 3132 603 3195 culosius
626 3145 744 3202 errant,
767 3136 887 3216 quoin
913 3131 1073 3197 soliditate
1099 3146 1235 3213 naturae,
1256 3148 1289 3199 et
1311 3136 1419 3220 vigore

463 3233 605 3314 rationis,
627 3255 719 3299 suum
742 3232 879 3298 fundare
901 3231 1050 3298 videntur
1072 3255 1220 3298 errorem.
1267 3235 1420 3300 Temera-

463 3333 547 3401 rium
572 3335 730 3423 siquidem
757 3333 885 3401 videtur
914 3333 1069 3400 universis
1097 3336 1131 3399 in
1162 3333 1264 3420 legem
1293 3346 1420 3402 naturoe

464 3438 676 3525 pracvaricari,
692 3451 724 3505 et
739 3437 887 3514 stultum,
902 3438 1003 3522 gratis
1020 3436 1188 3501 dissentire
1201 3436 1243 3500 ab
1264 3459 1313 3514 eo,
1328 3439 1418 3524 quod

464 3539 545 3605 ratio
571 3540 736 3626 persuasit.
790 3545 818 3605 A
846 3539 926 3604 veris
954 3561 1031 3624 ergo
1056 3551 1187 3604 sumunt
1214 3539 1354 3619 initium,
1380 3553 1419 3605 ut

463 3663 521 3726 per
546 3663 619 3705 vera
643 3640 765 3707 diutius
790 3640 983 3725 gradientes,
1010 3653 1099 3705 sect
1127 3640 1317 3727 sequipedas
1345 3664 1420 3706 suos

464 3741 663 3828 praecipitent
678 3741 710 3805 in
725 3742 889 3829 laqueum,
903 3753 935 3807 et
950 3742 1076 3808 foveam
1090 3742 1249 3808 salsitatis.
1288 3744 1417 3808 Mathe-

464 3843 521 3908 sim
533 3865 611 3930 ergo
621 3843 829 3930 probabilem,
842 3867 917 3932 quae
927 3844 1105 3932 penultima
1114 3845 1206 3911 brevi
1216 3847 1417 3920 enunciatur,

463 3968 558 4033 quam
585 3957 618 4011 et
642 3958 756 4011 natura
781 3946 917 4025 inducit,
944 3948 1027 4012 ratio
1055 3948 1182 4034 probat,
1208 3961 1241 4013 et
1270 3945 1417 4012 utilitatis

461 4046 654 4134 experientia
675 4048 844 4134 approbat,
865 4049 957 4136 quasi
980 4048 1142 4136 quoddam
1167 4048 1321 4114 doctrinoe
1348 4070 1414 4112 suoe

457 4149 582 4238 jaciunt
604 4149 862 4229 fundamentum,
882 4165 919 4216 ut
941 4151 1056 4216 exinde
1077 4151 1261 4239 opinionum
1286 4171 1416 4216 suarum

462 4253 584 4319 lubrico
603 4252 694 4339 quasi
719 4251 857 4339 quadam
882 4253 1020 4338 imagine
1042 4253 1186 4328 rationis,
1200 4253 1234 4317 in
1257 4252 1414 4317 mathesin

463 4355 737 4443 reprobumque
760 4354 923 4442 profertur
948 4366 1077 4420 extensa
1103 4354 1290 4438 penultima,
1313 4354 1418 4440 perni-
