3425 5367
444 687 511 746 248
703 701 841 744 marrus
856 701 1135 746 sanesnrnrnusrs
1256 683 1339 762 [nus.
1357 702 1400 745 ιν.
1439 683 1447 698 “

447 853 531 918 inter
551 850 769 938 vapulandum
784 851 853 936 jam
879 873 942 914 uon
965 851 1180 936 querimonias
1203 863 1236 914 et
1261 853 1401 935 gemitus

445 955 661 1040 ejulatusque,
681 953 736 1017 sed
752 954 851 1017 verba
870 953 962 1029 seria,
983 966 1015 1016 et
1037 953 1259 1038 objurgatoria
1275 951 1398 1038 jacula·

446 1055 554 1119 batur.
583 1053 652 1116 Nec
661 1054 750 1116 itare
760 1052 878 1116 hahere
889 1052 1109 1124 Plutarchum,
1120 1064 1158 1115 ut
1168 1050 1400 1136 Philosophum

447 1154 593 1218 deceret:
616 1154 709 1217 irasci
729 1167 824 1240 tnrpe
837 1175 915 1232 esse,
930 1152 959 1215 ei
983 1151 1172 1238 praesertim,
1186 1153 1245 1238 qui
1263 1151 1305 1215 de
1319 1150 1404 1214 malo

445 1256 504 1321 irae
532 1258 651 1342 sapius
680 1254 916 1332 dissertaverat,
941 1253 1125 1340 librumque
1150 1252 1399 1340 pulcherrimum

446 1357 615 1441 scripserat
633 1357 674 1420 de
693 1355 862 1421 Patientia
910 1355 1091 1441 Adjiciebat
1110 1378 1178 1419 esse
1197 1355 1398 1439 probrosum,

447 1457 535 1542 quod
550 1457 729 1521 doctrinam
749 1479 840 1520 suam
863 1456 1007 1520 moribus
1025 1457 1248 1542 impugnabat,
1261 1479 1300 1519 co
1314 1455 1400 1541 quod

447 1581 467 1621 a
482 1558 597 1623 mentia
617 1557 803 1642 integritate
823 1557 1004 1642 prolapsus,
1018 1557 1139 1620 effusus
1157 1570 1191 1620 et
1211 1555 1401 1642 provolutus

449 1659 482 1723 in
508 1659 600 1734 iram,
624 1658 773 1744 pluribus
797 1659 901 1745 plagis
929 1657 1100 1722 mulctaret
1124 1657 1300 1722 innoxium.
1344 1657 1400 1720 Ad

449 1762 518 1826 haec
538 1760 745 1837 Plutarchus,
759 1759 846 1824 lente
865 1759 997 1846 quidem
1014 1774 1047 1824 et
1063 1759 1186 1834 leniter,
1201 1759 1257 1822 sed
1280 1780 1404 1822 summa

448 1886 521 1928 cnm
548 1861 719 1948 gravitate,
746 1861 916 1947 Numquid
946 1861 1037 1947 quod
1064 1860 1199 1947 vapulas
1225 1859 1285 1924 tibi
1310 1859 1401 1923 irasci

448 1963 584 2026 videor?
607 1964 724 2027 Est-ne
737 1963 787 2026 ira
801 1985 871 2026 mea
886 1964 912 2026 si
927 1985 947 2026 a
960 1985 1012 2027 me
1026 1963 1173 2027 debitum
1187 1961 1324 2048 recipis?
1345 1965 1398 2026 Ex

448 2063 584 2127 vultune
603 2085 685 2138 meo,
700 2085 741 2126 an
764 2087 803 2127 ex
820 2086 910 2141 voce,
924 2085 965 2126 an
987 2087 1028 2128 ex
1050 2064 1166 2141 colore,
1181 2086 1221 2127 an
1243 2067 1338 2128 etiam
1360 2086 1401 2126 ex

449 2165 566 2241 verbis,
588 2164 637 2228 ira
657 2187 708 2228 me
728 2177 918 2251 corruptum
939 2165 1092 2250 intelligis
1113 2179 1170 2230 aut
1192 2169 1399 2250 correptum?

449 2264 533 2329 Mihi
555 2265 685 2350 quidem
706 2288 810 2352 neque
830 2267 916 2330 oculi
938 2267 1052 2354 opinor
1074 2280 1178 2332 truces
1197 2279 1282 2341 sunt,
1297 2288 1401 2351 neque

448 2389 485 2430 os
499 2365 678 2438 turbidum,
691 2387 796 2452 neque
810 2367 948 2432 inaniter
962 2369 1077 2445 clamo,
1088 2391 1194 2453 neque
1207 2368 1240 2431 in
1257 2389 1402 2454 spumam

450 2466 664 2553 ruboremque
678 2467 831 2545 fervesco,
847 2491 952 2556 neque
973 2469 1127 2556 pudenda
1145 2469 1218 2532 dico
1231 2482 1289 2534 aut
1303 2468 1404 2554 poeni-

450 2569 557 2647 tenda‚
579 2593 684 2655 neque
707 2572 838 2636 omnino
860 2571 986 2658 trepido
1008 2575 1056 2636 ira
1079 2587 1134 2637 aut
1156 2575 1270 2656 gestio.
1320 2571 1402 2634 Haec

449 2669 556 2734 omnia
570 2672 703 2755 quippe,
716 2673 743 2734 si
757 2671 870 2751 nescis,
885 2671 976 2754 signa
990 2670 1108 2734 irarum
1124 2694 1192 2735 esse
1206 2671 1319 2736 solent.
1356 2672 1402 2734 Et

451 2769 545 2835 simul
559 2770 600 2833 ad
615 2794 688 2836 eum
703 2774 762 2857 qui
773 2773 916 2837 credebat
927 2795 1108 2850 conversus,
1122 2773 1256 2838 Interim
1270 2773 1402 2859 (inquit)

449 2873 528 2936 dum
543 2895 604 2957 ego
625 2886 723 2959 atque
745 2874 798 2937 hic
817 2874 1029 2960 disputamus,
1046 2889 1083 2940 tu
1099 2875 1160 2939 hoc
1181 2898 1261 2961 age;
1289 2889 1322 2940 et
1337 2875 1403 2938 sine

449 2973 613 3037 iracundia
627 2997 698 3038 mea
719 2976 857 3039 retunde
872 2976 1017 3040 servilem
1040 2980 1284 3058 contumaciam,
1297 2989 1330 3042 et
1344 2975 1402 3040 ini-

450 3096 551 3157 quum
577 3075 732 3159 poenitere
758 3076 872 3140 doceas
898 3077 1009 3163 magis,
1038 3099 1135 3163 quam
1161 3079 1307 3165 jurgare.
1352 3077 1404 3140 Sic

451 3172 652 3237 Plutarchus.
698 3176 738 3238 lu
753 3196 819 3260 quo
833 3176 977 3240 nonnihil
992 3176 1180 3242 eruditionis
1194 3176 1339 3241 relictum
1355 3187 1403 3238 est

450 3275 610 3356 omnibus,
624 3276 681 3362 qui
696 3279 728 3340 in
743 3277 938 3342 sublimitate
953 3291 1038 3344 suut.

450 3628 529 3710 Cap.
547 3633 576 3691 9.
604 3627 693 3695 Quid
705 3631 748 3691 eit
762 3629 923 3691 declinare
937 3629 982 3691 od
1001 3629 1146 3691 deutrum
1161 3629 1211 3692 vel
1225 3631 1406 3706 sinistram,

705 3730 790 3812 quod
800 3729 948 3812 principi
962 3729 1159 3810 prohibetur.

493 3887 687 3954 SEQUITUR:
712 3887 826 3968 Neque
841 3882 978 3947 declinet
992 3883 1025 3945 in
1043 3897 1167 3967 partem
1184 3885 1341 3962 dextram,
1354 3886 1405 3949 vel

453 3972 620 4048 sinistram.
667 3983 722 4046 Ad
734 3982 881 4048 dextram
897 3983 1055 4047 declinare
1070 3998 1130 4064 est,
1141 3984 1316 4049 virtutibus
1330 3987 1406 4072 ipsis

454 4086 655 4149 vehementer
677 4083 831 4148 insistere.
876 4084 927 4148 Ad
948 4083 1095 4148 dextram
1120 4085 1277 4150 declinare
1298 4100 1357 4162 est,
1372 4087 1405 4149 in

452 4187 581 4251 virtutis
601 4185 751 4270 operibus
773 4209 846 4270 quae
869 4185 902 4248 in
925 4184 1021 4248 modo
1035 4187 1190 4267 consistit,
1205 4185 1405 4252 modum'ex·

454 4287 574 4356 cedere.
620 4284 730 4350 Omnis
747 4309 821 4350 vero
837 4285 1035 4350 vehementia
1050 4289 1149 4352 saluti,
1161 4287 1289 4353 inimica
1303 4305 1361 4369 est,
1376 4299 1406 4352 et
