3425 5367
322 740 392 786 cae.
408 724 520 798 xx1x.]
676 738 929 785 eonrcnsrrcus.
1218 727 1277 786 157

322 912 385 969 eas,
410 913 449 954 ne
474 902 647 978 appareant
674 891 706 954 in
732 905 905 978 conspectu
929 890 1085 970 fidelium,
1105 891 1139 954 in
1164 891 1276 956 sabulo

321 993 496 1058 sterilitatis
516 1017 594 1058 suae.
639 994 811 1081 Loquatur
826 994 971 1070 verbum,
987 996 1176 1059 senteutiam
1201 1015 1274 1080 pro·

320 1095 403 1160 ferat
432 1095 464 1158 in
494 1096 788 1162 condemnationem
819 1119 971 1175 errorum,
997 1119 1078 1182 quos
1102 1096 1226 1161 diutius
1255 1119 1274 1160 a

320 1197 414 1261 domo
430 1211 488 1262 tua
502 1197 631 1283 abigere
653 1199 905 1285 procuravimus.
950 1198 1092 1262 Verbum
1116 1198 1274 1284 siquidem

318 1299 447 1384 gladius
461 1313 509 1364 est
531 1301 582 1364 bis
603 1311 728 1379 acutus,
743 1303 834 1364 vivus
856 1311 889 1361 et
911 1302 1033 1375 efficax,
1048 1299 1274 1384 penetrabilior
1368 1322 1372 1328 ·

319 1401 406 1462 omni
421 1398 530 1483 gladio
545 1399 686 1484 ancipiti,
703 1398 887 1484 pertingens
907 1399 1063 1483 usquead
1087 1397 1274 1464 divisionem

319 1499 434 1564 animae
448 1512 479 1564 et
497 1499 641 1586 spiritus,
653 1521 842 1585 compagum
859 1521 988 1584 quoque
1003 1511 1035 1561 et
1049 1497 1274 1578 medullarum,

320 1600 476 1666 discretor
505 1601 601 1666 etiam
628 1599 869 1686 cogitationum.
923 1601 1108 1663 insensatus
1133 1611 1191 1673 est,
1218 1599 1275 1684 qui

319 1702 379 1767 hoc
403 1701 509 1786 gladio
530 1703 716 1767 imminente
741 1725 802 1765 uon
830 1701 930 1766 timet.
975 1702 1021 1765 Et
1044 1723 1115 1763 ecce
1136 1700 1168 1762 in
1194 1700 1274 1768 facie

320 1806 486 1884 Ecclesiae,
513 1809 545 1871 in
570 1819 742 1892 conspectu
758 1805 900 1871 omnium
926 1804 1080 1870 imminet.
1125 1803 1273 1890 Denique

317 1921 350 1973 et
364 1907 396 1971 in
413 1929 520 1972 omnes
535 1907 697 1994 dirigitur.
744 1887 862 1993 Inquit
872 1906 975 1970 enim:
1000 1905 1139 1980 Quando
1153 1905 1273 1991 ingres·

317 2032 371 2074 sus
382 2008 479 2074 fueris
490 2023 619 2090 terram,
630 2033 726 2097 quam
739 2010 899 2075 Dominus
910 2013 1001 2075 Deus
1012 2021 1089 2074 tuus
1100 2007 1191 2074 dabit
1202 2009 1274 2089 tibi,

318 2133 393 2175 cave
411 2133 451 2176 ne
464 2111 582 2177 imitari
598 2111 676 2177 velis
690 2112 941 2177 abominationes
956 2111 1084 2197 illarum
1105 2111 1269 2197 gentium:

316 2233 373 2276 nec
387 2212 567 2279 inveniatur
581 2213 612 2276 in
625 2225 657 2277 te
671 2213 727 2300 qui
739 2213 853 2278 lustret
865 2213 966 2279 filium
982 2235 1088 2290 suum,
1099 2225 1157 2277 aut
1171 2213 1269 2278 filiam

316 2335 417 2396 suam,
431 2314 551 2379 ducens
565 2336 623 2400 per
645 2315 764 2401 ignem,
779 2328 835 2378 aut
861 2315 919 2401 qui
943 2313 1057 2380 ariolos
1080 2314 1270 2391 sciscitetur,

316 2426 371 2478 aut
396 2415 545 2480 observet
568 2414 689 2478 somnia
714 2425 771 2478 aut
796 2414 945 2497 auguria,
968 2435 1008 2476 ue
1031 2417 1073 2478 sit
1091 2413 1269 2492 maleficus,

315 2537 373 2580 nec
395 2517 583 2596 incantator,
604 2535 710 2600 neque
727 2513 891 2599 Pythones
905 2513 1049 2578 consulat
1064 2527 1121 2579 aut
1135 2514 1271 2593 divinos,

315 2629 348 2682 et
375 2629 499 2702 quaerat
523 2638 542 2678 a
567 2617 704 2680 mortuis
727 2615 906 2679 veritatem.
951 2615 1068 2678 Omnia
1090 2615 1175 2678 enim
1200 2615 1270 2679 haec

315 2719 518 2782 abominatur
541 2716 710 2792 Dominus,
730 2729 761 2780 et
791 2727 924 2801 propter
949 2714 1128 2778 istiusmodi
1153 2714 1271 2781 scelera

315 2817 434 2883 delebit
449 2840 503 2881 eos
518 2819 549 2880 in
565 2816 700 2881 introitu
716 2829 783 2879 tuo.
831 2812 998 2878 Perfectus
1015 2815 1088 2895 eris,
1102 2827 1134 2879 et
1148 2816 1269 2902 absque

315 2919 441 2982 macula
456 2939 528 2984 cum
546 2917 686 2982 Domino
705 2921 776 2982 Deo
791 2929 857 2980 tuo.
903 2919 1024 2980 Gentes
1034 2914 1114 2992 istae,
1131 2939 1268 3002 quarum

315 3019 493 3106 possidebis
517 3033 645 3096 terram,
661 3041 799 3104 augures
821 3030 854 3082 et
875 3017 1000 3082 divinos
1022 3017 1168 3084 audiunt.
1215 3022 1267 3086 Tu

314 3135 421 3186 autem
437 3145 457 3186 a
472 3120 612 3188 Domino
633 3123 704 3186 Deo
715 3135 773 3186 tuo
796 3120 890 3186 aliter
910 3119 1078 3186 institutus
1099 3143 1143 3186 es.
1188 3121 1268 3200 Quis

313 3245 390 3309 ergo
405 3222 532 3287 dubitet
548 3226 616 3288 haec
631 3221 817 3303 criminalia,
830 3235 863 3286 et
878 3244 942 3286 uon
960 3221 1055 3288 modo
1069 3222 1267 3307 languorem,

313 3323 367 3388 sed
397 3324 470 3388 fidei
501 3323 727 3412 exterminium
756 3346 833 3399 esse,
862 3324 949 3410 quod
980 3335 1071 3388 tanta
1098 3323 1267 3408 diligentia

314 3427 528 3513 propheticus,
561 3425 659 3490 immo
694 3425 834 3512 Spiritus
868 3423 967 3488 sancti
1002 3445 1103 3488 sermo
1138 3424 1265 3489 eradit?

314 3527 571 3592 Abominationes
586 3539 672 3604 sunt,
697 3525 823 3592 dicente
848 3523 1006 3590 Domino:
1041 3525 1088 3590 Et
1114 3524 1209 3589 homo
1232 3547 1266 3590 aa

315 3627 648 3714 suprahominemfieri
657 3627 818 3713 opinatur,
828 3626 1068 3713 quumistorum
1076 3641 1266 3714 assequutus

315 3741 362 3794 est
388 3729 597 3816 disciplinam.
646 3732 781 3814 Propter
806 3727 986 3795 istiusmodi
1011 3728 1128 3793 scelera
1152 3730 1266 3796 deletae

313 3843 385 3896 sunt
400 3843 522 3918 gentes,
537 3843 569 3896 et
585 3831 725 3896 humana
747 3829 910 3895 temeritas
924 3852 957 3893 se
979 3829 1013 3892 in
1035 3829 1087 3892 his
1109 3831 1265 3917 multipli-

315 3931 378 3996 cari
393 3931 534 4000 conlidit.
