3425 5367
71 715 80 811 l

307 759 377 805 cae.
393 743 470 823 xm]
685 761 940 810 ronrcnarrcua
1204 751 1265 810 197

306 933 369 994 que
385 924 539 978 retractat.
586 911 650 979 Sed
666 916 804 978 veritatis
824 916 982 980 sententia
996 926 1105 980 manet
1120 917 1262 982 irretrac-

304 1015 422 1078 tabilis.
468 1016 554 1089 Quia
562 1016 691 1101 justitia
705 1017 776 1099 ejus
785 1017 912 1100 justitia
927 1018 960 1080 in
976 1029 1142 1092 aetemum,
1160 1029 1191 1082 et
1207 1020 1260 1082 lex

304 1114 374 1198 ejus
388 1117 532 1200 aequitas.
576 1120 605 1180 E
630 1130 741 1182 contra
762 1119 795 1181 iu
818 1119 966 1201 praetorio
990 1141 1077 1202 saepe
1101 1137 1260 1183 summum

299 1215 365 1299 jus,
380 1238 504 1281 summa
518 1219 632 1302 injuria
646 1231 704 1281 est.
749 1218 907 1302 Quisquis
928 1240 1004 1298 ergo
1025 1220 1191 1303 promittit,
1208 1219 1263 1284 de-

305 1320 388 1382 bitor
413 1331 473 1395 est,
497 1331 529 1383 et
558 1321 700 1383 veritatis
727 1333 859 1399 urgente
885 1322 1052 1396 sententia,
1078 1322 1261 1405 sponsionis

304 1416 401 1484 fidem
417 1422 619 1504 compellitur
633 1421 817 1503 adimplere.
862 1421 961 1484 Porro
983 1423 1070 1505 quod
1086 1424 1260 1488 necessitas

301 1535 481 1606 extorquet,
493 1525 624 1604 gratiam
640 1524 762 1586 minuit.
795 1521 893 1586 Unde
908 1523 988 1586 illud
999 1525 1257 1608 philosophicum

300 1622 388 1705 quod
397 1623 552 1705 praemisi:
565 1623 751 1686 Promittere
762 1644 803 1685 ne
812 1623 1004 1700 festineane
1015 1626 1258 1708 quumvolueris

300 1743 366 1786 non
382 1723 498 1804 possis,
513 1735 568 1787 aut
582 1725 667 1786 nolis
681 1745 723 1786 ex
740 1723 830 1806 justa
845 1744 942 1786 causa
957 1746 1054 1808 quum
1071 1725 1186 1807 possis,
1203 1739 1257 1790 aut

299 1841 398 1903 quum
408 1822 552 1884 effeceris
564 1822 695 1903 gratiam
708 1819 835 1904 perdas,
846 1833 902 1883 aut
914 1821 1055 1899 minuas3
1071 1843 1109 1885 eo
1122 1823 1210 1907 quod
1225 1835 1256 1888 te

297 1931 371 1984 ante
386 1923 607 2005 illaqueaveris
622 1922 656 1984 in
672 1923 769 1985 verbo
784 1923 847 1985 oris
864 1921 918 1985 tui.
951 1923 1001 1986 Fit
1015 1933 1122 1986 tamen
1139 1937 1173 1987 ut
1188 1945 1254 1989 non

298 2022 397 2086 modo
412 2024 536 2086 licitum
552 2024 593 2086 sit
613 2024 806 2108 promittere,
823 2022 882 2087 sed
898 2033 930 2086 et
952 2024 1165 2088 conducibile.
1210 2027 1255 2090 Er

296 2134 331 2186 ut
344 2124 479 2187 aliorum
495 2125 535 2188 ad
551 2146 692 2208 praesens
703 2135 870 2188 taceantur
884 2127 1045 2208 exempla,
1057 2128 1253 2208 paracletum

298 2224 443 2289 Christus
457 2226 527 2310 ipse
543 2225 708 2310 discipulis
723 2239 755 2288 et
769 2225 916 2308 promisit
931 2238 963 2289 et
979 2227 1073 2290 misit.
1105 2228 1254 2292 Eisdem-

297 2348 359 2411 que
374 2327 451 2409 quid
464 2326 605 2392 futurum
621 2339 705 2391 esset
718 2328 858 2410 illis,qui
870 2328 978 2391 onmia
992 2349 1050 2410 pro
1062 2350 1100 2392 ec
1115 2332 1253 2414 relique·

294 2438 376 2502 rant,
390 2428 671 2508 interrogantibus,
687 2427 780 2492 sedes
794 2428 828 2490 in
844 2430 1081 2509 regeneratione
1095 2432 1251 2513 promisit,

297 2537 330 2590 et
340 2527 553 2610 judiciariam,
564 2549 660 2610 quam
671 2551 744 2592 cnm
756 2549 795 2591 eo
806 2527 945 2592 babituri
958 2541 1041 2607 suut,
1051 2541 1254 2613 potestatem.

295 2629 351 2690 Ex
368 2628 487 2710 quibus
508 2640 645 2706 constat,
660 2629 747 2712 quod
769 2649 867 2695 causa
885 2630 1094 2712 propositum,
1109 2651 1253 2715 opusque

299 2729 514 2809 commendat,
528 2741 565 2794 ut
584 2731 705 2815 liqueat
719 2752 760 2795 ex
782 2731 845 2808 his,
861 2731 938 2816 quia
959 2751 1023 2792 non
1038 2752 1172 2798 necesse
1195 2742 1253 2810 est,

298 2831 481 2914 philosophi
496 2832 637 2912 regulam
654 2831 766 2894 vitiari.

298 3016 379 3099 Cap.
398 3022 448 3082 12.
477 3019 530 3082 De
555 3019 770 3083 rationalibus
794 3026 825 3083 at
849 3022 1031 3087 secretariis
1055 3019 1254 3099 (licitumst

336 3117 422 3199 quad
434 3121 580 3184 amicitia
600 3141 666 3184 raon
685 3123 752 3184 nisi
772 3123 809 3183 in
829 3122 920 3185 bonis
940 3129 997 3196 est,
1018 3129 1049 3183 et
1067 3122 1153 3206 qnod
1166 3121 1253 3188 dices

325 3222 531 3302 Jirmiliarem
542 3225 655 3306 potius
675 3227 835 3306 aaprimat
849 3244 947 3306 qnam
963 3225 1115 3299 amicam,
1132 3229 1163 3286 et
1178 3224 1252 3286 licet

323 3325 543 3402 familiaritas
551 3327 688 3390 dicdum
702 3327 796 3389 utilis
807 3328 965 3402 Mentor,
975 3348 1059 3408 sape
1071 3326 1250 3408 periculosa

333 3432 391 3502 est,
406 3434 438 3490 et
452 3429 539 3509 quod
551 3431 739 3492 innocenter
752 3430 924 3492 vivendum
941 3435 995 3492 ert.

334 3559 445 3623 Sensi
466 3583 532 3626 uon
549 3562 646 3626 modo
667 3562 887 3646 promissores,
903 3561 958 3626 sed
982 3565 1248 3644 munuscularios,

291 3659 325 3722 in
352 3661 452 3741 gram
475 3663 564 3727 illins
589 3685 685 3748 qoem
712 3673 835 3747 captas,
859 3663 1045 3728 antecedere
1073 3666 1191 3748 pergis,
1216 3679 1247 3730 te

291 3757 467 3826 ratiociniis
480 3763 549 3848 ejus
563 3765 756 3842 immisceas,
769 3787 884 3848 parcas
899 3767 1092 3850 sumptibus,
1108 3789 1146 3832 eo
1162 3768 1250 3851 quod

293 3875 486 3928 secretorum
499 3867 660 3945 conscius,
671 3867 728 3951 qui
742 3868 859 3930 loculis
870 3869 983 3950 parcit,
996 3865 1141 3950 diligenti
1152 3869 1251 3952 patri·

292 3961 428 4028 familias
443 3965 612 4051 displicere
627 3989 691 4030 nou
708 3981 823 4052 potest.
870 3969 969 4033 Grata
984 3979 1059 4032 sunt
1076 3969 1153 4032 vitia
1168 3969 1248 4054 ejus,

293 4065 347 4146 qni
370 4065 603 4132 deformitatem
626 4090 763 4144 morum,
777 4081 961 4152 sumptuum
984 4071 1140 4154 parcitate
1163 4092 1250 4135 com·

292 4182 418 4248 pensat.
464 4169 643 4254 Optimum,
664 4183 699 4235 ut
720 4171 766 4234 ait
787 4171 914 4248 Cicero,
933 4171 960 4233 si
982 4173 1098 4249 nescis,
1114 4174 1250 4256 vectigal

294 4265 489 4347 parsimonia
513 4280 571 4332 est.
616 4270 740 4333 Tenuis
768 4292 884 4354 parcus
913 4271 1063 4354 impletur
1088 4273 1192 4348 facile,
1218 4285 1251 4338 et

293 4363 445 4428 facillimo
461 4367 644 4430 exinanitur
659 4369 812 4452 prodigus
828 4369 927 4432 diros.
966 4373 1048 4434 Arca
1064 4393 1141 4434 sane
1156 4393 1252 4457 capa·
