3425 5367
254 744 260 752 ·
309 722 381 770 car.
397 705 446 784 x.]
658 718 914 765 eornommcus.
1202 705 1260 765 191

311 874 527 939 testimonium
555 880 612 935 est.
659 872 741 936 lnde
770 883 819 936 est
839 870 939 934 illud:
971 871 1136 934 Romanus
1162 867 1267 933 omnis

310 974 496 1039 adulatione
509 972 731 1055 corrumpitur,
746 983 801 1035 aut
815 971 1000 1055 corrumpit.
1044 971 1139 1034 Certe
1155 969 1182 1034 si
1197 992 1264 1033 non
1331 1013 1335 1022 -

310 1076 425 1152 verbis,
439 1082 576 1158 possunt
589 1094 702 1136 omnes
716 1072 926 1136 fraudulentis
940 1071 1125 1134 muneribus
1140 1092 1264 1154 expug-

308 1178 386 1241 nari.
430 1177 476 1239 Et
497 1195 579 1260 quos
600 1175 792 1237 munuscula
812 1195 877 1237 non
901 1174 1070 1259 dejiciunt,
1089 1174 1264 1237 honoribus

309 1278 490 1361 capiuntur.
540 1275 638 1339 Urbis
663 1274 820 1356 auspicia,
841 1276 1009 1356 sacrilegio
1037 1274 1210 1358 parricidii,
1232 1285 1265 1337 et

309 1380 438 1443 fraterni
461 1377 628 1459 sanguinis
656 1396 779 1454 cruore,
804 1377 992 1440 numinibus
1018 1377 1085 1440 suis
1107 1377 1264 1440 Romulus

312 1478 521 1544 consecravit.
541 1474 670 1540 Deinde
678 1476 854 1540 lemuribus
864 1477 1043 1553 infestatus,
1052 1477 1173 1539 honore
1182 1497 1264 1540 vano

312 1579 462 1644 simulata
490 1576 781 1642 communicatione
808 1577 945 1660 imperii,
969 1578 1096 1639 fratrem
1125 1579 1265 1660 placarit

311 1681 465 1746 occisum.
510 1680 595 1745 Suos
617 1698 747 1761 quoque
771 1679 994 1761 Imperatores,
1014 1698 1095 1760 quos
1117 1676 1157 1740 de
1179 1699 1265 1740 more

311 1783 480 1845 Romanus
501 1780 641 1864 populus
659 1778 797 1842 fideliter
814 1778 994 1865 jugulabat,
1010 1777 1172 1842 deificavit
1186 1778 1265 1842 fide·

310 1881 376 1944 lius
399 1881 486 1945 inani
509 1880 634 1957 solatio,
655 1879 824 1963 perfidiam
849 1889 1033 1962 praetexens
1054 1880 1266 1958 manifestam,

311 1982 445 2064 perinde
473 2003 511 2045 ac
542 1982 569 2044 si
599 1980 849 2044 sorbitiunculas
879 1981 921 2058 ei,
949 2001 1045 2064 quem
1079 1992 1266 2064 peremerat,

314 2082 519 2146 ministraret:
542 2102 661 2165 eosque
676 2081 910 2144 mentiebantur
920 2079 953 2142 in
969 2092 1084 2144 sortem
1101 2082 1264 2146 transiisse

312 2183 489 2256 numinum,
515 2203 553 2246 ac
576 2183 604 2247 si
630 2183 712 2246 coelo
739 2203 797 2245 suo
819 2181 1006 2266 mundoque
1030 2182 1181 2262 regendo,
1203 2183 1265 2247 nisi

313 2285 456 2369 tyrannis
478 2283 621 2362 adscitis,
637 2283 867 2366 omnipotentis
889 2304 955 2346 non
970 2284 1119 2358 sufficiat
1140 2305 1264 2349 manus.

313 2385 406 2449 Facti
428 2397 503 2448 sunt
524 2405 601 2466 ergo
624 2383 690 2446 divi
714 2383 884 2464 indigetes,
907 2393 972 2461 aut,
995 2393 1032 2446 ut
1053 2384 1123 2446 aliis
1148 2385 1265 2467 placet,

311 2486 439 2557 heroes,
458 2504 538 2567 quos
551 2504 611 2547 nec
632 2484 726 2546 etiam
749 2483 891 2545 humana
910 2492 994 2545 sorte
1015 2482 1131 2563 dignos
1145 2485 1263 2548 Roma·

311 2605 425 2647 norum
440 2582 577 2667 perfidia
594 2581 761 2665 reputavit.
805 2582 958 2645 Tractum
974 2593 1023 2646 est
1037 2583 1114 2648 hinc
1136 2605 1265 2663 nomen,

314 2706 378 2769 quo
392 2684 558 2768 principes
573 2683 722 2746 vinntum
738 2683 849 2761 titulis,
863 2693 896 2746 et
910 2704 991 2746 verae
1007 2683 1083 2746 fidei
1098 2686 1170 2748 lnce
1185 2707 1267 2768 prae-

313 2786 434 2867 signes,
449 2805 485 2848 se
499 2784 591 2849 divos
614 2784 762 2862 audeant,
778 2784 897 2848 nedum
920 2783 1081 2866 gaudeant
1102 2788 1266 2870 appellari,

314 2887 414 2950 veteri
425 2885 556 2971 quidem
572 2884 806 2950 consuetudins
818 2885 914 2949 etiam
925 2887 959 2948 in
972 2887 1060 2966 vitio,
1071 2897 1105 2951 et
1115 2888 1267 2952 adversus

312 2986 414 3051 fidem
439 2987 632 3051 catholicam
663 2987 837 3050 obtinente.
894 2987 929 3051 Si
955 3009 1028 3051 vero
1053 2989 1197 3054 veniatur
1225 2989 1266 3053 ad

313 3089 422 3167 verba,
432 3088 467 3151 in
481 3109 521 3150 eo
529 3087 598 3172 jam
613 3089 781 3152 Romanus
792 3089 977 3152 Graecorum
993 3089 1161 3172 perfidiam
1176 3103 1266 3156 ante·

319 3187 418 3267 cedit,
433 3188 489 3273 qui
503 3209 542 3252 eo
555 3208 659 3272 usque
673 3187 828 3252 adulandi
841 3189 1036 3252 lenocinium
1059 3188 1181 3266 docuit,
1196 3201 1232 3254 ut
1247 3213 1267 3254 a

314 3287 412 3352 docili
436 3290 560 3372 populo
589 3288 761 3352 facilimine
784 3300 971 3353 transeatur.
1015 3292 1123 3354 Voces
1149 3291 1266 3375 quibus

312 3390 484 3454 mentimur
496 3388 647 3466 dominis,
662 3388 738 3452 dum
758 3389 1009 3471 singularitatem
1024 3390 1145 3454 honore
1161 3393 1266 3456 multi·

313 3490 435 3554 tudinis
449 3491 651 3566 decoramus,
665 3490 753 3553 natio
768 3490 839 3554 haec
859 3491 994 3569 invenit,
1007 3499 1041 3555 et
1055 3491 1098 3555 ad
1113 3491 1267 3558 finitimos

311 3603 522 3678 posterosque
547 3593 597 3656 sui
622 3592 762 3656 nominis
791 3592 978 3656 auctoritate
1003 3591 1187 3659 transmisit.
1231 3595 1267 3660 Si

314 3691 445 3776 quando
468 3693 596 3776 quaeris,
623 3693 704 3757 illud
727 3693 786 3757 tibi
809 3704 938 3778 tempus
959 3705 1113 3773 occurrat,
1135 3717 1200 3780 quo
1227 3696 1266 3761 C.

313 3792 433 3872 Caesar,
444 3814 569 3857 exuens
582 3795 693 3858 nescio
708 3816 749 3858 an
763 3795 934 3878 perficiens
949 3794 1148 3870 dictatorem,
1158 3797 1268 3861 omnia

311 3890 428 3973 faetus,
441 3896 551 3959 omnia
567 3896 748 3979 occupavit.
763 3957 767 3966 ,
794 3896 887 3958 Illius
908 3906 994 3960 certe
1017 3895 1170 3978 temporis
1188 3897 1267 3960 mihi

312 4013 399 4078 sape
410 3996 552 4060 occurrit
562 3996 679 4078 imago,
690 4017 793 4080 quum
803 3996 845 4060 ad
855 3995 1043 4079 potentioris
1057 4005 1181 4076 nutum,
1192 3999 1268 4062 sub-

308 4095 469 4180 jactorum
483 4097 592 4160 omnia
602 4096 821 4181 disponantur,
832 4109 865 4160 et
875 4097 950 4162 lieet
961 4097 1069 4162 animo
1080 4099 1268 4177 reluctante,

311 4194 347 4255 in
362 4193 485 4276 seipsos
507 4197 610 4279 parati
632 4208 709 4259 sunt
729 4196 831 4274 exilii,
846 4207 903 4260 ant
923 4198 1035 4260 mortis
1057 4197 1178 4262 dictare
1195 4219 1268 4262 sen·

315 4291 460 4356 tentiam.
504 4295 596 4358 Hinc
620 4296 739 4379 quippe
761 4305 903 4379 potestas
924 4295 1092 4372 terribilis3
1114 4297 1190 4360 lrinc
1213 4319 1269 4362 an·
