3425 5367
485 753 526 811 98
740 764 877 808 solutus
893 762 1168 809 saaasauamusm
1302 748 1385 826 [am.
1402 747 1440 810 11!

468 915 596 980 liniens
616 925 647 979 et
669 913 876 978 multifariam
897 913 1054 993 dividens,
1072 913 1114 976 ad
1132 913 1233 998 ipsius
1253 935 1369 978 arcana
1382 937 1438 979 na·

483 1027 577 1094 turae,
587 1017 702 1080 mentis
713 1016 903 1080 transmittit
916 1027 1080 1100 aspectum
1096 1027 1134 1079 ut
1147 1012 1229 1078 nibil
1244 1016 1438 1080 naturalium

482 1120 576 1206 plene
590 1117 813 1184 absconditum
828 1117 868 1181 sit
884 1119 926 1182 ab
940 1117 1042 1181 oculis
1057 1119 1137 1203 ejus.
1182 1119 1228 1182 Et
1242 1119 1347 1203 primo
1362 1120 1438 1184 sub-

483 1222 643 1299 stantiam,
665 1240 741 1306 quae
762 1220 911 1283 omnibus
933 1220 1054 1295 subest,
1077 1220 1205 1284 acutius
1225 1220 1382 1299 intuetur,
1403 1221 1438 1284 in

483 1345 548 1408 qua
562 1342 673 1386 manns
688 1334 811 1385 naturae
830 1321 987 1406 probatur
1006 1320 1146 1396 artificis,
1162 1321 1240 1384 dum
1256 1342 1326 1382 eam
1342 1321 1438 1384 variis

483 1421 744 1510 proprietatibus,
765 1435 797 1486 et
820 1421 930 1484 formis
952 1422 1045 1506 quasi
1068 1421 1133 1484 suis
1152 1422 1345 1508 quibusdam
1367 1445 1435 1486 ves-

484 1527 572 1590 tibus
586 1525 704 1602 induit,
717 1537 748 1588 et
764 1523 828 1586 suis
839 1544 989 1586 sensuum
1002 1522 1261 1608 perceptibilibus
1276 1522 1438 1603 informat,

483 1651 549 1713 quo
558 1627 657 1712 possit
667 1626 773 1712 aptius
784 1627 925 1690 humano
935 1625 1061 1708 iugenio
1072 1625 1307 1711 comprehendi.
1339 1626 1435 1703 Quod

484 1730 580 1814 igitur
602 1751 711 1792 sensus
733 1729 882 1814 percipit,
898 1730 1072 1813 formisque
1094 1729 1271 1814 subjectum
1294 1738 1352 1809 est,
1373 1729 1437 1793 sina

482 1830 599 1915 gularis
614 1843 646 1893 et
658 1831 758 1914 prima
768 1829 946 1893 substantia
956 1843 1014 1893 est.
1061 1830 1099 1894 ld
1117 1852 1202 1906 vero,
1218 1831 1286 1894 sine
1301 1846 1374 1916 quo·
1381 1830 1437 1893 illa

483 1953 539 1994 nec
561 1953 638 2008 esse,
661 1952 717 1992 nec
739 1929 872 2013 intelligi
898 1944 1015 2015 potest,
1037 1931 1065 1993 ei
1089 1931 1296 1995 substantiale
1318 1944 1378 2010 est,
1400 1945 1433 1994 et

482 2030 672 2114 plerumque
684 2029 820 2092 secunda
830 2029 1009 2093 substantia
1018 2030 1211 2093 nominatur.
1244 2029 1316 2094 Hoc
1326 2043 1434 2095 autern

483 2129 569 2214 quod
585 2130 673 2193 adest
694 2128 824 2214 quidem
848 2131 1047 2210 substantiae,
1062 2144 1093 2195 et
1113 2155 1150 2194 ea
1166 2148 1311 2197 manente
1326 2133 1435 2197 abesse

483 2244 599 2315 potest,
620 2231 836 2296 accidentibus
862 2244 1064 2316 aggregatur.
1112 2233 1279 2318 Singulare
1304 2234 1435 2320 quidem

483 2334 508 2395 si
532 2355 613 2396 unus
635 2344 758 2396 tantum
781 2337 841 2396 sit:
868 2333 1053 2409 universale,
1075 2335 1113 2414 si,
1128 2335 1201 2398 licet
1221 2357 1284 2398 non
1307 2347 1434 2410 natura,

481 2433 702 2498 conformitate
724 2447 829 2498 tamen
852 2434 892 2499 sit
915 2457 1082 2498 commune
1108 2436 1292 2501 multorum.
1337 2438 1434 2514 Quod

480 2537 562 2602 forte
590 2537 715 2601 facilius
744 2537 775 2600 in
803 2536 978 2616 intellectu,
1004 2561 1101 2623 quam
1128 2541 1159 2601 in
1186 2551 1302 2603 natura
1325 2563 1432 2604 rerum

480 2639 598 2724 poterit
613 2638 758 2716 inveniri,
773 2637 805 2700 in
820 2659 886 2723 quo
900 2660 1017 2723 genera
1032 2652 1064 2703 et
1081 2639 1212 2726 species,
1228 2640 1432 2717 differentias,

480 2740 619 2826 propria,
645 2753 677 2803 et
706 2739 891 2814 accidentia,
918 2761 992 2824 quae
1023 2741 1242 2804 universaliter
1271 2740 1433 2817 dicuntur,

480 2840 612 2924 planum
628 2853 674 2902 est
689 2839 842 2918 invenire,
857 2861 961 2924 quum
971 2843 1004 2903 in
1015 2853 1087 2904 actu
1103 2863 1208 2905 rerum
1223 2840 1432 2905 substantiam

481 2940 708 3004 universalium
733 2961 877 3024 quaerere
902 2943 1040 3024 exiguus
1062 2941 1188 3006 fructus
1210 2942 1263 3017 sit,
1285 2955 1317 3006 et
1343 2941 1432 3005 labor

480 3041 672 3117 infinitus,in
681 3051 785 3102 mente
796 3063 872 3102 vero
884 3041 1004 3104 utiliter
1015 3054 1047 3104 et
1057 3042 1207 3107 facillime
1219 3046 1429 3129 reperiuntur.

483 3141 515 3204 Si
528 3142 610 3203 enim
623 3139 689 3202 solo
700 3161 806 3201 rerum
819 3161 951 3202 numero
962 3139 1178 3205 differentium
1190 3144 1431 3208 substantialem

481 3241 717 3307 similitudinem
738 3241 818 3326 quis¹
832 3253 937 3304 mente
958 3254 1141 3326 pertractet,
1165 3243 1300 3326 speciem
1323 3257 1431 3310 tenet:

481 3345 516 3411 si
538 3368 609 3409 vero
629 3343 723 3409 etiam
745 3346 848 3428 specie
868 3343 1082 3408 differentium
1099 3343 1319 3407 convenientia
1332 3345 1432 3411 menti

478 3459 635 3523 occurrat,
665 3445 789 3531 generis
819 3445 957 3509 latitudo
983 3457 1088 3509 mente
1115 3443 1319 3509 diffunditur.
1364 3449 1430 3510 De·

479 3553 578 3634 nique
607 3548 685 3610 dum
715 3569 831 3620 rerum,
861 3569 940 3631 quas
965 3559 1080 3610 natura
1106 3544 1356 3611 substantialiter
1381 3547 1432 3612 vel

480 3645 716 3713 accidentaliter
737 3645 932 3725 assimilavit,
953 3647 1205 3712 conformitatem
1227 3651 1363 3734 percipit
1384 3649 1431 3712 in-

481 3749 638 3825 tellectae,
682 3747 907 3812 universalium
946 3751 1223 3835 comprehensione
1260 3762 1430 3823 moretum

480 3875 578 3940 quum
601 3875 676 3915 vero
699 3850 848 3916 similium
876 3851 1071 3917 differentias
1096 3853 1210 3938 agitat,
1231 3864 1352 3938 quanto
1372 3875 1428 3918 ex-

481 3955 631 4041 pressius,
643 3965 734 4018 tanto
749 3953 790 4018 ad
805 3977 903 4040 opera
916 3971 1053 4031 naturas,
1068 3978 1143 4040 quae
1157 3953 1331 4040 singulatia
1345 3969 1430 4032 sunt,

478 4055 666 4120 familiarius
680 4054 814 4136 accedit,
830 4057 856 4119 si
877 4055 1089 4120 substantiam
1108 4056 1174 4120 suis
1194 4054 1341 4120 vestitam
1357 4075 1429 4140 pro-

479 4158 672 4244 prietatibus
686 4157 824 4243 inspicit,
840 4181 860 4222 a
874 4171 999 4222 naturae
1013 4158 1193 4223 conditione
1207 4182 1270 4222 non
1286 4156 1427 4222 divertit.

480 4260 534 4326 Sin
548 4271 654 4324 autem
670 4259 813 4324 detracta
827 4260 942 4346 specie,
957 4282 1026 4323 earn
1041 4260 1134 4345 quasi
1149 4260 1324 4325 formarum
1339 4257 1427 4322 exuit

480 4359 679 4437 vestimento,
700 4382 830 4426 acumen
853 4359 982 4445 quidem
1001 4381 1091 4423 suum
1114 4372 1251 4438 exercet,
1269 4371 1302 4424 et
1322 4379 1430 4425 rerum
