3425 5367
410 705 474 761 atu
679 716 816 760 ioannis
830 717 1111 762 sauasnaarausrs
1215 702 1296 781 [mu.
1314 723 1357 768 iv,

408 867 510 953 cipem
524 866 723 940 excolebant,
743 867 861 931 scilicet
880 869 1087 950 Sapientiam,
1102 869 1173 933 ideo
1188 870 1274 954 quod
1291 871 1361 956 ipsa

407 970 556 1032 omnibus
566 983 690 1054 praeest.
708 970 804 1033 Unde
814 985 846 1033 et
862 971 1048 1056 Philosophi
1060 986 1181 1035 veteres
1190 974 1360 1056 imaginem

410 1069 582 1154 Sapientiae
603 1091 661 1150 pro
687 1068 811 1132 loribus
830 1069 970 1133 omnium
995 1069 1185 1154 templorum
1208 1073 1307 1157 pingi,
1329 1087 1361 1136 et

408 1171 476 1234 baec
492 1170 590 1235 verba
604 1168 699 1233 scribi
714 1170 830 1234 debere
844 1183 1055 1234 censuerunt:

513 1287 586 1338 Usus
596 1303 639 1336 me
651 1287 751 1352 genuit,
763 1287 865 1356 peperit
879 1285 1024 1337 Memoria:

511 1371 636 1442 bopbiam
647 1389 691 1423 me
700 1378 794 1422 vorant
805 1371 890 1433 Graii,
902 1388 947 1422 vos
960 1371 1132 1441 Sapientiam.

407 1474 453 1535 Et
479 1472 547 1536 baec
572 1473 670 1535 item:
695 1473 769 1554 Ego
791 1471 846 1534 odi
872 1471 1015 1533 homines
1039 1470 1168 1548 stultos,
1192 1485 1224 1536 et
1244 1476 1359 1558 ignava

405 1597 514 1660 opera,
535 1589 568 1638 et
596 1573 832 1658 philosophicas
853 1573 1033 1636 sententias.
1079 1575 1125 1637 Et
1148 1573 1278 1659 quidem
1297 1576 1359 1638 ele-

405 1690 520 1760 ganter
534 1676 581 1738 illi
598 1676 660 1739 ista
674 1676 849 1753 finxerunt,
873 1674 945 1739 licet
962 1675 1126 1738 veritatem
1148 1679 1247 1760 ipsam
1268 1678 1359 1762 plene

406 1799 471 1840 non
487 1775 650 1840 noverint:
675 1775 800 1838 adeam
821 1791 927 1837 tamen
942 1775 1142 1859 aliquatenus
1165 1776 1359 1854 accedentes,

407 1878 485 1942 dum
502 1879 687 1964 sapientiam
711 1877 867 1953 omnium,
883 1900 955 1962 quae
979 1893 1063 1940 recte
1084 1877 1177 1954 liunt,
1199 1878 1313 1941 ducem
1329 1895 1360 1942 et

407 1980 903 2066 principemarbitrautur,qunm
913 1993 944 2042 et
955 1979 1023 2064 ipsa
1032 1981 1187 2045 veraciter
1195 1980 1363 2064 glorietur,

406 2083 493 2166 quod
511 2086 545 2146 in
560 2082 645 2144 omni
667 2094 762 2164 geute
784 2093 817 2142 et
832 2080 954 2164 populo
974 2105 993 2143 a
1008 2082 1165 2167 principio
1186 2084 1358 2168 primatum

407 2183 522 2259 tenuit,
536 2181 747 2267 superborum
758 2192 788 2242 et
806 2180 990 2244 sublimium
1003 2180 1083 2244 colla
1094 2181 1225 2267 propria
1241 2183 1360 2246 virtute

406 2282 539 2346 calcans.
585 2283 732 2347 Salomon
750 2305 881 2367 quoque
897 2306 930 2345 se
949 2306 1017 2348 eam
1040 2307 1136 2370 super
1162 2283 1308 2364 salutem,
1328 2304 1360 2349 et

407 2384 513 2446 omnia
527 2383 661 2467 pulchra
680 2382 830 2447 dilexisse
852 2383 985 2458 fatetur,
1001 2398 1031 2448 et
1052 2385 1092 2446 ad
1109 2385 1213 2470 ipsum
1235 2408 1307 2449 cum
1326 2409 1362 2449 ea

406 2484 513 2548 omnia
527 2484 610 2548 bona
624 2483 798 2547 accessisse.
821 2562 828 2578 Ι

409 2745 489 2828 Cap.
506 2752 534 2808 7.
561 2745 651 2816 Quod
671 2744 812 2807 timorem
837 2746 900 2808 Dei
922 2743 1024 2806 doceri
1047 2744 1143 2822 debet,
1173 2754 1204 2807 et
1226 2747 1360 2810 humilis

450 2866 525 2919 cese,
555 2856 587 2908 et
613 2851 657 2909 sit
677 2868 805 2910 servare
828 2846 1055 2917 bumilitatem,
1079 2847 1164 2926 quod
1184 2852 1360 2912 auctoritas

447 2949 577 3029 publica
593 2971 657 3011 non
679 2954 873 3011 minuatur.-
896 2957 925 3009 et
939 2950 1023 3029 quod
1039 2958 1276 3029 praeceptorum
1293 2952 1361 3012 alia

451 3051 592 3125 arabilis,
608 3053 677 3113 olio
691 3052 876 3113 immobilia.

452 3221 627 3290 Sunutruu
643 3233 679 3283 ut
693 3219 795 3283 discat
812 3220 922 3284 timere
940 3223 1112 3285 Dominum
1132 3223 1235 3284 Deum
1253 3242 1358 3299 suum,

406 3335 439 3386 et
454 3321 615 3385 custodire
638 3321 734 3384 verba
756 3322 825 3407 ejus
848 3345 922 3406 quae
945 3321 976 3385 in
1000 3321 1070 3405 lege
1092 3333 1252 3408 praecepta
1272 3337 1358 3385 sunt.

408 3426 546 3489 Causam
569 3423 721 3508 legitima
743 3423 985 3500 observationis,
1008 3421 1059 3486 lex
1083 3422 1151 3508 ipsa
1172 3421 1357 3505 subjungit:

407 3538 444 3589 ut
458 3526 570 3604 discat,
585 3526 698 3610 iuquit.
744 3524 891 3609 Diligens
913 3547 1051 3610 namque
1071 3523 1181 3598 lector,
1201 3522 1280 3606 legis
1295 3523 1359 3588 dis·

406 3625 533 3708 cipulus
547 3638 606 3702 est,
626 3648 688 3687 non
705 3627 873 3709 magister:
898 3649 955 3689 nec
970 3625 1009 3689 ad
1034 3647 1159 3688 sensum
1176 3647 1270 3688 suum
1286 3648 1360 3711 cap-

406 3727 537 3789 tivatam
561 3740 725 3812 retorquet
740 3727 853 3811 legem,
871 3727 924 3790 sed
942 3728 1040 3791 menti
1056 3727 1124 3812 ejus
1139 3741 1171 3790 et
1186 3727 1360 3809 integritati

406 3850 515 3891 sensus
537 3851 612 3893 suos
633 3828 860 3893 accommodat.
907 3830 969 3892 Sed
992 3827 1170 3914 discipulus
1199 3829 1258 3893 iste
1279 3828 1358 3912 quid

406 3928 517 3992 discit?
550 3928 673 4014 Utique
685 3930 796 3993 timere
811 3928 987 3992 Dominum
1001 3933 1106 3993 Deum
1119 3951 1223 3991 suum.
1260 3929 1360 3990 Recte

405 4029 546 4112 quidem,
555 4053 591 4091 eo
602 4030 689 4114 quod
702 4030 856 4114 sapientia
867 4031 964 4116 parit,
975 4043 1006 4093 et
1018 4029 1123 4092 firmat
1136 4027 1358 4113 principatum.

406 4129 512 4212 Atqui
542 4128 667 4190 initium
698 4130 861 4213 sapientiae
884 4134 980 4195 timor
1002 4130 1143 4194 Domini.
1189 4127 1253 4205 Qui
1283 4151 1374 4213 ergo¹

405 4229 527 4293 timoris
539 4251 600 4292 nou
623 4229 769 4294 initiatur
791 4232 906 4317 gradu,
928 4233 1047 4296 frustra
1069 4231 1108 4294 ad
1126 4229 1260 4315 legitimi
1276 4232 1362 4316 prin-

293 4368 296 4374 ·
405 4329 529 4414 cipatus
550 4327 675 4392 culmen
692 4331 820 4415 aspirat.
866 4333 1030 4416 Legitimi,
1048 4331 1198 4418 iuquam:
1224 4330 1359 4416 quiade
