3425 5367
330 769 400 814 car.
415 751 524 831 xxia]
688 769 946 815 ronrcnsrrcos.
1224 761 1285 822 12⁷

331 940 438 982 rerum
449 939 555 997 cursu,
566 931 725 997 versatur,
735 919 856 983 frustra
866 919 926 984 tibi
937 918 979 982 de
993 919 1135 987 siderum
1144 923 1282 988 familia·

331 1019 426 1084 ritate
434 1017 596 1094 blandiris,
603 1041 701 1105 quum
712 1019 832 1084 asolito
841 1043 946 1084 rerum
956 1044 1052 1085 cursu
1065 1027 1168 1090 multa
1178 1026 1283 1090 diver·

330 1133 411 1198 tant,
423 1133 456 1186 et
465 1143 504 1184 eo
515 1122 627 1208 majori
638 1121 847 1186 admiratione
859 1121 974 1187 feriant
985 1146 1094 1189 sensus
1104 1126 1282 1208 hominum,

330 1244 396 1306 quo
411 1244 472 1285 non
490 1222 586 1286 modo
605 1222 740 1298 insueta,
756 1223 810 1286 sed
825 1223 886 1308 ipsi
907 1237 1033 1288 naturae
1054 1226 1205 1293 videntur
1225 1228 1283 1292 ad·

329 1344 437 1387 versa:
472 1337 520 1398 ut,
535 1345 636 1408 quum
660 1323 734 1387 solis
754 1323 900 1389 defectus
917 1325 1092 1410 plenilunio
1112 1330 1282 1414 contingit,

327 1435 386 1486 aut
401 1423 427 1486 si
442 1423 527 1486 circa
542 1421 712 1508 synodum,
723 1435 779 1487 aut
794 1424 879 1486 circa
888 1424 1110 1509 plenilunium,
1122 1430 1171 1492 vel
1182 1430 1281 1507 ultra,

328 1522 460 1587 luminis
468 1522 518 1586 sui
529 1523 605 1586 luna
616 1524 758 1607 patiatur
769 1523 920 1608 eclipsim.
953 1526 1018 1598 Qui
1029 1528 1114 1591 enim
1124 1529 1282 1595 sideribus

327 1625 431 1708 legem
447 1623 550 1700 dedit,
573 1623 629 1708 qui
649 1623 807 1687 curricula
826 1637 1004 1709 temporum
1023 1627 1193 1694 voluntatis
1213 1655 1282 1697 suae

327 1725 420 1789 freno
435 1725 631 1804 moderatur,
646 1723 701 1809 qui
714 1746 820 1788 rerum
837 1738 997 1789 momenta
1006 1729 1202 1813 temporibus
1216 1733 1282 1797 suis

327 1827 557 1902 accommodat,
573 1826 703 1912 quando
724 1825 804 1900 vult,
821 1839 853 1889 et
868 1849 934 1910 quo
948 1829 1045 1891 modo
1066 1830 1148 1908 vult,
1163 1855 1279 1897 novum

326 1941 477 2015 stupente
492 1941 617 2007 natura,
631 1941 687 1992 aut
700 1950 807 1991 rarum
822 1940 928 2013 potest
942 1930 1118 2013 producere
1131 1933 1280 1997 effectum

325 2049 364 2093 ex
379 2029 482 2094 causis
496 2028 767 2104 concurrentibus,
783 2050 858 2113 quae
880 2026 972 2091 aliter
986 2052 1096 2113 parere
1109 2055 1281 2096 consuere·

326 2143 408 2196 rant.
432 2131 512 2208 Quis
523 2132 606 2194 enim
619 2128 816 2194 consiliarius
827 2130 898 2214 ejus
911 2129 987 2201 suit,
1000 2143 1058 2194 aut
1072 2132 1157 2198 dicet
1168 2135 1198 2198 ei
1210 2137 1280 2199 Cur

327 2231 372 2296 ita
388 2232 486 2296 facis?
516 2231 639 2314 Utique
657 2233 815 2295 Dominus
834 2244 904 2295 est:
934 2231 1020 2315 quod
1043 2232 1279 2320 beneplacitum

325 2347 372 2399 est
401 2334 434 2398 in
464 2331 564 2396 oculis
593 2331 660 2395 suis
684 2331 788 2396 faciet.
833 2332 1043 2418 Dispositioni
1065 2358 1143 2419 ergo
1166 2351 1279 2422 aptare

326 2447 478 2519 tempora,
494 2445 526 2495 et
542 2452 647 2494 rerum
660 2441 821 2492 momenta
834 2429 956 2491 variare
970 2432 1179 2516 temporibus,
1191 2434 1279 2498 solus

326 2535 380 2600 ille
389 2535 444 2620 qui
454 2529 623 2616 disposuit,
634 2542 754 2615 potest:
778 2541 811 2594 et
823 2553 923 2614 quum
932 2531 1108 2596 multorum
1117 2535 1278 2614 notitiam,

327 2633 501 2700 secundum
518 2630 705 2716 beneplaciti
721 2634 773 2694 sui
788 2653 980 2712 mensuram,
991 2637 1179 2700 concesserit
1193 2660 1279 2701 crea-

327 2749 421 2815 turre,
432 2735 492 2798 hoc
502 2733 562 2798 sibi
574 2732 700 2796 trinitas
710 2731 915 2814 singulariter
924 2734 1107 2800 reservavit.
1140 2737 1279 2810 Quando

323 2839 446 2922 itaque,
461 2847 494 2900 et
510 2830 665 2919 quamdiu
685 2830 765 2916 quid
781 2831 927 2896 futurum
947 2833 989 2898 sit
1004 2834 1105 2911 novit,
1124 2849 1157 2901 et
1171 2852 1279 2924 partes

327 2951 506 3025 temporum
518 2934 572 2998 ille
585 2933 760 3019 dispensat,
775 2953 936 3018 perquem
949 2935 1021 3020 ipsa
1035 2947 1179 3022 tempora
1192 2940 1278 3005 lacta

324 3051 409 3104 sunt.
450 3038 527 3122 Ipsa
536 3055 665 3121 quoque
677 3047 821 3119 tempora
830 3044 918 3098 motu
931 3047 963 3099 et
974 3037 1149 3102 variatione
1156 3063 1276 3119 renim,

325 3140 416 3227 quasi
432 3138 624 3225 quibusdam
646 3135 808 3200 coloribus
823 3133 939 3221 pingit,
954 3150 986 3202 et
1009 3127 1181 3205 volubilem
1196 3155 1277 3208 tem·

322 3241 408 3326 poris
423 3253 537 3316 rotam,
548 3239 654 3324 jugali
668 3237 808 3322 quodam
825 3259 909 3302 nexu
923 3259 1030 3302 rerum
1041 3263 1109 3326 quo
1119 3251 1276 3319 teneatur,

320 3339 485 3426 illaqueat,
506 3351 538 3404 et
562 3353 599 3402 ut
621 3359 687 3400 rem
711 3335 1059 3421 incomprehensibilem
1081 3338 1206 3424 ingerat
1227 3344 1275 3406 in-

321 3441 472 3522 tellectui,
503 3440 635 3504 eandem
666 3436 854 3502 mirabiliter
879 3457 986 3500 rerum
1013 3440 1275 3525 proprietatibus,

323 3544 414 3628 quasi
436 3545 502 3606 suis
517 3541 677 3606 informat.
725 3542 798 3602 Non
820 3547 879 3616 est,
894 3538 1000 3623 inquit
1024 3540 1157 3604 verbum
1177 3543 1277 3610 Altis-

323 3643 405 3720 simi,
415 3657 570 3718 vestrum,
581 3663 672 3706 nosse
684 3653 839 3726 tempora,
849 3653 906 3705 aut
921 3639 1016 3724 plene
1026 3641 1132 3707 sciatis
1145 3646 1276 3730 quando

320 3741 835 3831 atquamdiuquidfacturumsit;
861 3739 910 3806 vel
921 3757 1091 3825 momenta,
1099 3759 1136 3810 ut
1147 3748 1276 3831 possitis

320 3846 443 3922 modos,
466 3857 498 3910 et
521 3845 689 3908 varietates
711 3863 833 3919 eorum,
857 3865 930 3928 quae
951 3843 1064 3908 lutura
1084 3859 1169 3920 sunt,
1187 3868 1275 3912 com·

319 3936 526 4033 prehendere.
564 3946 649 4008 Ecce
664 3965 764 4029 quare
779 3944 981 4008 temerarium
997 3942 1049 4022 sit,
1063 3947 1174 4010 futura
1187 3959 1276 4012 certo

320 4047 494 4134 subjugare
504 4045 637 4133 judicio.
683 4045 722 4107 ln
739 4045 840 4127 patris
855 4042 1013 4129 siquidem
1029 4056 1186 4129 potestate
1200 4058 1275 4112 sunt

321 4150 436 4236 posita,
459 4171 520 4214 nou
544 4149 575 4212 in
598 4144 783 4210 necessitate
804 4145 979 4210 eveniendi.
1023 4149 1124 4212 Porro
1145 4172 1219 4234 quae
1240 4151 1275 4214 in

320 4262 477 4335 potestate
499 4249 603 4336 posita
626 4259 712 4327 sunt,
734 4245 789 4324 sic,
812 4259 844 4310 et
871 4269 934 4310 non
959 4247 1016 4324 sic,
1041 4269 1109 4312 esse
1129 4263 1273 4335 possunt.

324 4353 409 4416 Nam
424 4373 498 4436 que
512 4351 544 4416 in
561 4347 756 4427 oecmsitate,
773 4351 818 4414 sic
832 4370 900 4412 esse
914 4368 1041 4412 necesse
1055 4361 1112 4412 est.
