<?xml version="1.0" encoding="UTF-8"?>
<!DOCTYPE html PUBLIC "-//W3C//DTD XHTML 1.0 Transitional//EN"
    "http://www.w3.org/TR/xhtml1/DTD/xhtml1-transitional.dtd">
<html xmlns="http://www.w3.org/1999/xhtml" xml:lang="en" lang="en">
 <head>
  <title>
</title>
<meta http-equiv="Content-Type" content="text/html;charset=utf-8" />
  <meta name='ocr-system' content='tesseract 3.04.00' />
  <meta name='ocr-capabilities' content='ocr_page ocr_carea ocr_par ocr_line ocrx_word'/>
</head>
<body>
  <div class='ocr_page' id='page_1' title='image "./operaomnianuncp04johngoog_0028.png"; bbox 0 0 3425 5367; ppageno 0'>
   <div class='ocr_carea' id='block_1_1' title="bbox 283 650 1234 729">
    <p class='ocr_par' dir='ltr' id='par_1_1' title="bbox 283 650 1234 729">
     <span class='ocr_line' id='line_1_1' title="bbox 283 650 1234 729; baseline -0.004 -19"><span class='ocrx_word' id='word_1_1' title='bbox 283 666 354 711; x_wconf 74' lang='lat' dir='ltr'><strong>cau.</strong></span> <span class='ocrx_word' id='word_1_2' title='bbox 373 650 411 729; x_wconf 90' lang='lat'><strong>1.]</strong></span> <span class='ocrx_word' id='word_1_3' title='bbox 633 666 887 711; x_wconf 69' lang='lat' dir='ltr'><strong>mercatrices.</strong></span> <span class='ocrx_word' id='word_1_4' title='bbox 1197 652 1234 707; x_wconf 83' lang='grc'><strong>17</strong></span> 
     </span>
    </p>
   </div>
   <div class='ocr_carea' id='block_1_2' title="bbox 282 817 1236 1204">
    <p class='ocr_par' dir='ltr' id='par_1_2' title="bbox 282 817 1236 1204">
     <span class='ocr_line' id='line_1_2' title="bbox 284 817 1236 902; baseline -0.002 -22"><span class='ocrx_word' id='word_1_5' title='bbox 284 818 346 880; x_wconf 87' lang='lat' dir='ltr'><strong>sim</strong></span> <span class='ocrx_word' id='word_1_6' title='bbox 370 839 429 901; x_wconf 90' lang='lat' dir='ltr'><strong>pro</strong></span> <span class='ocrx_word' id='word_1_7' title='bbox 453 818 673 902; x_wconf 74' lang='lat' dir='ltr'><strong>indigentibus</strong></span> <span class='ocrx_word' id='word_1_8' title='bbox 698 840 766 895; x_wconf 89' lang='lat' dir='ltr'><strong>oro,</strong></span> <span class='ocrx_word' id='word_1_9' title='bbox 787 830 824 881; x_wconf 89' lang='lat' dir='ltr'><strong>ut</strong></span> <span class='ocrx_word' id='word_1_10' title='bbox 849 828 941 879; x_wconf 84' lang='lat' dir='ltr'><strong>actus</strong></span> <span class='ocrx_word' id='word_1_11' title='bbox 966 826 1000 879; x_wconf 90' lang='lat' dir='ltr'><strong>et</strong></span> <span class='ocrx_word' id='word_1_12' title='bbox 1023 817 1236 898; x_wconf 82' lang='lat' dir='ltr'><strong>cogitationes</strong></span> 
     </span>
     <span class='ocr_line' id='line_1_3' title="bbox 282 917 1236 1003; baseline 0 -24"><span class='ocrx_word' id='word_1_13' title='bbox 282 930 416 998; x_wconf 89' lang='lat' dir='ltr'><strong>nostras,</strong></span> <span class='ocrx_word' id='word_1_14' title='bbox 432 921 637 1003; x_wconf 90' lang='lat' dir='ltr'><strong>omnipotens</strong></span> <span class='ocrx_word' id='word_1_15' title='bbox 649 928 684 983; x_wconf 87' lang='lat' dir='ltr'><strong>et</strong></span> <span class='ocrx_word' id='word_1_16' title='bbox 702 920 869 982; x_wconf 78' lang='lat' dir='ltr'><strong>miserator</strong></span> <span class='ocrx_word' id='word_1_17' title='bbox 889 917 981 981; x_wconf 93' lang='lat' dir='ltr'><strong>Deus</strong></span> <span class='ocrx_word' id='word_1_18' title='bbox 1002 918 1173 993; x_wconf 82' lang='lat' dir='ltr'><strong>emundet3</strong></span> <span class='ocrx_word' id='word_1_19' title='bbox 1201 927 1236 979; x_wconf 85' lang='lat' dir='ltr'><strong>et</strong></span> 
     </span>
     <span class='ocr_line' id='line_1_4' title="bbox 284 1020 1235 1105; baseline -0.001 -23"><span class='ocrx_word' id='word_1_20' title='bbox 284 1040 325 1083; x_wconf 88' lang='lat' dir='ltr'><strong>ne</strong></span> <span class='ocrx_word' id='word_1_21' title='bbox 346 1022 494 1085; x_wconf 83' lang='lat' dir='ltr'><strong>vitiorum</strong></span> <span class='ocrx_word' id='word_1_22' title='bbox 515 1022 675 1105; x_wconf 81' lang='lat' dir='ltr'><strong>rapiamur</strong></span> <span class='ocrx_word' id='word_1_23' title='bbox 699 1021 867 1096; x_wconf 86' lang='lat' dir='ltr'><strong>erroribus,</strong></span> <span class='ocrx_word' id='word_1_24' title='bbox 888 1020 1004 1102; x_wconf 86' lang='lat' dir='ltr'><strong>spiritu</strong></span> <span class='ocrx_word' id='word_1_25' title='bbox 1028 1042 1088 1083; x_wconf 89' lang='lat' dir='ltr'><strong>suo</strong></span> <span class='ocrx_word' id='word_1_26' title='bbox 1111 1029 1235 1082; x_wconf 73' lang='lat' dir='ltr'><strong>mentre</strong></span> 
     </span>
     <span class='ocr_line' id='line_1_5' title="bbox 284 1119 1163 1204; baseline 0.001 -21"><span class='ocrx_word' id='word_1_27' title='bbox 284 1132 407 1188; x_wconf 88' lang='lat' dir='ltr'><strong>nostras</strong></span> <span class='ocrx_word' id='word_1_28' title='bbox 420 1124 578 1187; x_wconf 90' lang='lat' dir='ltr'><strong>illustrare</strong></span> <span class='ocrx_word' id='word_1_29' title='bbox 593 1124 742 1204; x_wconf 77' lang='lat' dir='ltr'><strong>dignetur</strong></span> <span class='ocrx_word' id='word_1_30' title='bbox 756 1124 865 1203; x_wconf 84' lang='lat' dir='ltr'><strong>magni</strong></span> <span class='ocrx_word' id='word_1_31' title='bbox 878 1119 1003 1185; x_wconf 82' lang='lat' dir='ltr'><strong>consilii</strong></span> <span class='ocrx_word' id='word_1_32' title='bbox 1019 1124 1163 1203; x_wconf 80' lang='lat' dir='ltr'><strong>angelus.</strong></span> 
     </span>
    </p>
   </div>
   <div class='ocr_carea' id='block_1_3' title="bbox 391 1414 1121 1495">
    <p class='ocr_par' dir='ltr' id='par_1_3' title="bbox 391 1414 1121 1495">
     <span class='ocr_line' id='line_1_6' title="bbox 391 1414 1121 1495; baseline -0.004 -16"><span class='ocrx_word' id='word_1_33' title='bbox 391 1415 473 1479; x_wconf 74' lang='lat' dir='ltr'><strong>Car.</strong></span> <span class='ocrx_word' id='word_1_34' title='bbox 493 1418 519 1475; x_wconf 92' lang='lat'><strong>1.</strong></span> <span class='ocrx_word' id='word_1_35' title='bbox 544 1414 634 1480; x_wconf 84' lang='lat' dir='ltr'><strong>Quid</strong></span> <span class='ocrx_word' id='word_1_36' title='bbox 647 1416 791 1475; x_wconf 61' lang='lat' dir='ltr'><strong>macinae</strong></span> <span class='ocrx_word' id='word_1_37' title='bbox 805 1415 1121 1495; x_wconf 78' lang='lat' dir='ltr'><strong>noceotsortunolis.</strong></span> 
     </span>
    </p>
   </div>
   <div class='ocr_carea' id='block_1_4' title="bbox 286 1528 1240 1714">
    <p class='ocr_par' dir='ltr' id='par_1_4' title="bbox 286 1528 1240 1714">
     <span class='ocr_line' id='line_1_7' title="bbox 329 1528 1236 1612; baseline 0.001 -21"><span class='ocrx_word' id='word_1_38' title='bbox 329 1528 441 1591; x_wconf 75' lang='lat' dir='ltr'><strong>quen</strong></span> <span class='ocrx_word' id='word_1_39' title='bbox 455 1530 565 1591; x_wconf 90' lang='lat' dir='ltr'><strong>omnia</strong></span> <span class='ocrx_word' id='word_1_40' title='bbox 585 1550 658 1610; x_wconf 84' lang='lat' dir='ltr'><strong>qnae</strong></span> <span class='ocrx_word' id='word_1_41' title='bbox 674 1530 751 1590; x_wconf 86' lang='lat' dir='ltr'><strong>viris</strong></span> <span class='ocrx_word' id='word_1_42' title='bbox 766 1531 871 1591; x_wconf 88' lang='lat' dir='ltr'><strong>solent</strong></span> <span class='ocrx_word' id='word_1_43' title='bbox 891 1532 1004 1591; x_wconf 86' lang='lat' dir='ltr'><strong>obesse</strong></span> <span class='ocrx_word' id='word_1_44' title='bbox 1026 1531 1236 1612; x_wconf 87' lang='lat' dir='ltr'><strong>principibus,</strong></span> 
     </span>
     <span class='ocr_line' id='line_1_8' title="bbox 286 1628 1240 1714; baseline -0.003 -21"><span class='ocrx_word' id='word_1_45' title='bbox 286 1630 368 1693; x_wconf 91' lang='lat' dir='ltr'><strong>nihil</strong></span> <span class='ocrx_word' id='word_1_46' title='bbox 388 1630 602 1714; x_wconf 87' lang='lat' dir='ltr'><strong>perniciosius</strong></span> <span class='ocrx_word' id='word_1_47' title='bbox 624 1648 694 1690; x_wconf 89' lang='lat' dir='ltr'><strong>esse</strong></span> <span class='ocrx_word' id='word_1_48' title='bbox 716 1628 861 1701; x_wconf 81' lang='lat' dir='ltr'><strong>arbitror,</strong></span> <span class='ocrx_word' id='word_1_49' title='bbox 883 1649 980 1709; x_wconf 87' lang='lat' dir='ltr'><strong>quarn</strong></span> <span class='ocrx_word' id='word_1_50' title='bbox 1001 1629 1089 1711; x_wconf 93' lang='lat' dir='ltr'><strong>qnod</strong></span> <span class='ocrx_word' id='word_1_51' title='bbox 1109 1631 1156 1691; x_wconf 89' lang='lat' dir='ltr'><strong>eis</strong></span> <span class='ocrx_word' id='word_1_52' title='bbox 1176 1630 1240 1690; x_wconf 82' lang='lat' dir='ltr'><strong>for-</strong></span> 
     </span>
    </p>
   </div>
   <div class='ocr_carea' id='block_1_5' title="bbox 124 1729 1238 1817">
    <p class='ocr_par' dir='ltr' id='par_1_5' title="bbox 124 1729 1238 1817">
     <span class='ocr_line' id='line_1_9' title="bbox 124 1729 1238 1817; baseline -0.007 -18"><span class='ocrx_word' id='word_1_53' title='bbox 124 1767 128 1800; x_wconf 89' lang='lat'>:</span> <span class='ocrx_word' id='word_1_54' title='bbox 190 1806 198 1817; x_wconf 35' lang='lat'><em>¹</em></span> <span class='ocrx_word' id='word_1_55' title='bbox 286 1742 372 1795; x_wconf 85' lang='lat' dir='ltr'><strong>tunae</strong></span> <span class='ocrx_word' id='word_1_56' title='bbox 393 1730 590 1795; x_wconf 88' lang='lat' dir='ltr'><strong>blandientis</strong></span> <span class='ocrx_word' id='word_1_57' title='bbox 614 1731 767 1793; x_wconf 85' lang='lat' dir='ltr'><strong>illecebra</strong></span> <span class='ocrx_word' id='word_1_58' title='bbox 791 1743 957 1811; x_wconf 84' lang='lat' dir='ltr'><strong>aspectum</strong></span> <span class='ocrx_word' id='word_1_59' title='bbox 982 1729 1140 1792; x_wconf 89' lang='lat' dir='ltr'><strong>subtrabit</strong></span> <span class='ocrx_word' id='word_1_60' title='bbox 1160 1731 1238 1791; x_wconf 86' lang='lat' dir='ltr'><strong>reri-</strong></span> 
     </span>
    </p>
   </div>
   <div class='ocr_carea' id='block_1_6' title="bbox 282 1830 1243 4423">
    <p class='ocr_par' dir='ltr' id='par_1_6' title="bbox 282 1830 1243 4423">
     <span class='ocr_line' id='line_1_10' title="bbox 286 1830 1239 1914; baseline -0.003 -18"><span class='ocrx_word' id='word_1_61' title='bbox 286 1832 370 1911; x_wconf 85' lang='lat' dir='ltr'><strong>tatis,</strong></span> <span class='ocrx_word' id='word_1_62' title='bbox 384 1832 461 1896; x_wconf 90' lang='lat' dir='ltr'><strong>dum</strong></span> <span class='ocrx_word' id='word_1_63' title='bbox 485 1832 613 1895; x_wconf 88' lang='lat' dir='ltr'><strong>divitias</strong></span> <span class='ocrx_word' id='word_1_64' title='bbox 631 1842 753 1895; x_wconf 84' lang='lat' dir='ltr'><strong>suaset</strong></span> <span class='ocrx_word' id='word_1_65' title='bbox 775 1831 902 1895; x_wconf 87' lang='lat' dir='ltr'><strong>delitias</strong></span> <span class='ocrx_word' id='word_1_66' title='bbox 924 1832 1069 1914; x_wconf 84' lang='lat' dir='ltr'><strong>congerit</strong></span> <span class='ocrx_word' id='word_1_67' title='bbox 1088 1830 1239 1906; x_wconf 89' lang='lat' dir='ltr'><strong>mundns,</strong></span> 
     </span>
     <span class='ocr_line' id='line_1_11' title="bbox 288 1933 1239 2018; baseline -0.003 -21"><span class='ocrx_word' id='word_1_68' title='bbox 288 1935 405 2018; x_wconf 90' lang='lat' dir='ltr'><strong>quibus</strong></span> <span class='ocrx_word' id='word_1_69' title='bbox 420 1934 551 1999; x_wconf 84' lang='lat' dir='ltr'><strong>delicati</strong></span> <span class='ocrx_word' id='word_1_70' title='bbox 566 1955 679 1997; x_wconf 87' lang='lat' dir='ltr'><strong>sensus</strong></span> <span class='ocrx_word' id='word_1_71' title='bbox 693 1934 889 2017; x_wconf 88' lang='lat' dir='ltr'><strong>pruriginem</strong></span> <span class='ocrx_word' id='word_1_72' title='bbox 904 1933 1046 1996; x_wconf 87' lang='lat' dir='ltr'><strong>vicissim</strong></span> <span class='ocrx_word' id='word_1_73' title='bbox 1060 1934 1192 2010; x_wconf 82' lang='lat' dir='ltr'><strong>refovet,</strong></span> <span class='ocrx_word' id='word_1_74' title='bbox 1206 1946 1239 1995; x_wconf 90' lang='lat' dir='ltr'><strong>et</strong></span> 
     </span>
     <span class='ocr_line' id='line_1_12' title="bbox 284 2034 1238 2119; baseline -0.001 -20"><span class='ocrx_word' id='word_1_75' title='bbox 284 2036 446 2113; x_wconf 77' lang='lat' dir='ltr'><strong>accendit,</strong></span> <span class='ocrx_word' id='word_1_76' title='bbox 467 2048 504 2099; x_wconf 87' lang='lat' dir='ltr'><strong>ut</strong></span> <span class='ocrx_word' id='word_1_77' title='bbox 527 2037 652 2099; x_wconf 89' lang='lat' dir='ltr'><strong>animus</strong></span> <span class='ocrx_word' id='word_1_78' title='bbox 676 2037 848 2119; x_wconf 87' lang='lat' dir='ltr'><strong>multiplici</strong></span> <span class='ocrx_word' id='word_1_79' title='bbox 873 2036 1104 2099; x_wconf 85' lang='lat' dir='ltr'><strong>lenociniorum</strong></span> <span class='ocrx_word' id='word_1_80' title='bbox 1126 2034 1238 2099; x_wconf 79' lang='lat' dir='ltr'><strong>frande</strong></span> 
     </span>
     <span class='ocr_line' id='line_1_13' title="bbox 285 2137 1237 2223; baseline -0.001 -22"><span class='ocrx_word' id='word_1_81' title='bbox 285 2148 410 2223; x_wconf 83' lang='lat' dir='ltr'><strong>captus,</strong></span> <span class='ocrx_word' id='word_1_82' title='bbox 435 2137 573 2222; x_wconf 89' lang='lat' dir='ltr'><strong>quadam</strong></span> <span class='ocrx_word' id='word_1_83' title='bbox 599 2138 792 2202; x_wconf 84' lang='lat' dir='ltr'><strong>alienatione</strong></span> <span class='ocrx_word' id='word_1_84' title='bbox 819 2140 880 2212; x_wconf 84' lang='lat' dir='ltr'><strong>sui,</strong></span> <span class='ocrx_word' id='word_1_85' title='bbox 906 2140 948 2202; x_wconf 88' lang='lat' dir='ltr'><strong>ab</strong></span> <span class='ocrx_word' id='word_1_86' title='bbox 973 2139 1125 2201; x_wconf 88' lang='lat' dir='ltr'><strong>interiore</strong></span> <span class='ocrx_word' id='word_1_87' title='bbox 1148 2140 1237 2201; x_wconf 91' lang='lat' dir='ltr'><strong>bono</strong></span> 
     </span>
     <span class='ocr_line' id='line_1_14' title="bbox 284 2239 1238 2324; baseline 0 -22"><span class='ocrx_word' id='word_1_88' title='bbox 284 2239 450 2317; x_wconf 88' lang='lat' dir='ltr'><strong>deficiens,</strong></span> <span class='ocrx_word' id='word_1_89' title='bbox 477 2260 537 2322; x_wconf 88' lang='lat' dir='ltr'><strong>per</strong></span> <span class='ocrx_word' id='word_1_90' title='bbox 564 2240 723 2303; x_wconf 84' lang='lat' dir='ltr'><strong>exteriora</strong></span> <span class='ocrx_word' id='word_1_91' title='bbox 759 2240 929 2303; x_wconf 90' lang='lat' dir='ltr'><strong>mendacia</strong></span> <span class='ocrx_word' id='word_1_92' title='bbox 950 2240 1047 2302; x_wconf 85' lang='lat' dir='ltr'><strong>variis</strong></span> <span class='ocrx_word' id='word_1_93' title='bbox 1068 2242 1238 2324; x_wconf 88' lang='lat' dir='ltr'><strong>concupis·</strong></span> 
     </span>
     <span class='ocr_line' id='line_1_15' title="bbox 284 2340 1238 2425; baseline 0.003 -22"><span class='ocrx_word' id='word_1_94' title='bbox 284 2341 401 2404; x_wconf 90' lang='lat' dir='ltr'><strong>centiis</strong></span> <span class='ocrx_word' id='word_1_95' title='bbox 426 2350 583 2423; x_wconf 85' lang='lat' dir='ltr'><strong>evagetur.</strong></span> <span class='ocrx_word' id='word_1_96' title='bbox 635 2342 785 2405; x_wconf 75' lang='lat' dir='ltr'><strong>Nouerca</strong></span> <span class='ocrx_word' id='word_1_97' title='bbox 813 2340 974 2425; x_wconf 89' lang='lat' dir='ltr'><strong>siqnidem</strong></span> <span class='ocrx_word' id='word_1_98' title='bbox 999 2342 1125 2405; x_wconf 78' lang='lat' dir='ltr'><strong>virtutis</strong></span> <span class='ocrx_word' id='word_1_99' title='bbox 1147 2360 1238 2425; x_wconf 75' lang='lat' dir='ltr'><strong>pros</strong></span> 
     </span>
     <span class='ocr_line' id='line_1_16' title="bbox 282 2441 1239 2525; baseline 0.002 -22"><span class='ocrx_word' id='word_1_100' title='bbox 282 2442 413 2524; x_wconf 86' lang='lat' dir='ltr'><strong>peritas,</strong></span> <span class='ocrx_word' id='word_1_101' title='bbox 437 2442 575 2505; x_wconf 83' lang='lat' dir='ltr'><strong>beatulis</strong></span> <span class='ocrx_word' id='word_1_102' title='bbox 600 2441 667 2504; x_wconf 89' lang='lat' dir='ltr'><strong>suis</strong></span> <span class='ocrx_word' id='word_1_103' title='bbox 692 2443 738 2507; x_wconf 89' lang='lat' dir='ltr'><strong>sic</strong></span> <span class='ocrx_word' id='word_1_104' title='bbox 764 2443 945 2525; x_wconf 87' lang='lat' dir='ltr'><strong>applaudit,</strong></span> <span class='ocrx_word' id='word_1_105' title='bbox 968 2454 1006 2505; x_wconf 89' lang='lat' dir='ltr'><strong>ut</strong></span> <span class='ocrx_word' id='word_1_106' title='bbox 1032 2454 1168 2505; x_wconf 89' lang='lat' dir='ltr'><strong>noceat:</strong></span> <span class='ocrx_word' id='word_1_107' title='bbox 1205 2454 1239 2505; x_wconf 89' lang='lat' dir='ltr'><strong>et</strong></span> 
     </span>
     <span class='ocr_line' id='line_1_17' title="bbox 284 2542 1237 2626; baseline 0.002 -21"><span class='ocrx_word' id='word_1_108' title='bbox 284 2542 407 2606; x_wconf 81' lang='lat' dir='ltr'><strong>infelici</strong></span> <span class='ocrx_word' id='word_1_109' title='bbox 421 2564 573 2607; x_wconf 86' lang='lat' dir='ltr'><strong>successu</strong></span> <span class='ocrx_word' id='word_1_110' title='bbox 588 2542 635 2606; x_wconf 86' lang='lat' dir='ltr'><strong>sic</strong></span> <span class='ocrx_word' id='word_1_111' title='bbox 650 2543 749 2605; x_wconf 83' lang='lat' dir='ltr'><strong>iuria</strong></span> <span class='ocrx_word' id='word_1_112' title='bbox 762 2544 932 2607; x_wconf 82' lang='lat' dir='ltr'><strong>fortunatis</strong></span> <span class='ocrx_word' id='word_1_113' title='bbox 945 2545 1143 2626; x_wconf 86' lang='lat' dir='ltr'><strong>obsequitur,</strong></span> <span class='ocrx_word' id='word_1_114' title='bbox 1154 2546 1237 2607; x_wconf 89' lang='lat' dir='ltr'><strong>utin</strong></span> 
     </span>
     <span class='ocr_line' id='line_1_18' title="bbox 284 2641 1239 2726; baseline 0.001 -21"><span class='ocrx_word' id='word_1_115' title='bbox 284 2641 348 2705; x_wconf 88' lang='lat' dir='ltr'><strong>fine</strong></span> <span class='ocrx_word' id='word_1_116' title='bbox 370 2643 544 2725; x_wconf 87' lang='lat' dir='ltr'><strong>perniciem</strong></span> <span class='ocrx_word' id='word_1_117' title='bbox 566 2652 725 2725; x_wconf 87' lang='lat' dir='ltr'><strong>operetur,</strong></span> <span class='ocrx_word' id='word_1_118' title='bbox 741 2643 885 2705; x_wconf 83' lang='lat' dir='ltr'><strong>convivis</strong></span> <span class='ocrx_word' id='word_1_119' title='bbox 901 2644 969 2705; x_wconf 88' lang='lat' dir='ltr'><strong>suis</strong></span> <span class='ocrx_word' id='word_1_120' title='bbox 988 2645 1031 2705; x_wconf 90' lang='lat' dir='ltr'><strong>ab</strong></span> <span class='ocrx_word' id='word_1_121' title='bbox 1052 2644 1144 2706; x_wconf 89' lang='lat' dir='ltr'><strong>initio</strong></span> <span class='ocrx_word' id='word_1_122' title='bbox 1166 2666 1239 2726; x_wconf 93' lang='lat' dir='ltr'><strong>pro·</strong></span> 
     </span>
     <span class='ocr_line' id='line_1_19' title="bbox 286 2743 1241 2825; baseline 0.003 -20"><span class='ocrx_word' id='word_1_123' title='bbox 286 2743 402 2825; x_wconf 84' lang='lat' dir='ltr'><strong>pinans</strong></span> <span class='ocrx_word' id='word_1_124' title='bbox 417 2743 535 2814; x_wconf 91' lang='lat' dir='ltr'><strong>dulcia,</strong></span> <span class='ocrx_word' id='word_1_125' title='bbox 551 2752 583 2804; x_wconf 91' lang='lat' dir='ltr'><strong>et</strong></span> <span class='ocrx_word' id='word_1_126' title='bbox 605 2764 705 2824; x_wconf 89' lang='lat' dir='ltr'><strong>quum</strong></span> <span class='ocrx_word' id='word_1_127' title='bbox 725 2743 876 2804; x_wconf 88' lang='lat' dir='ltr'><strong>inebriati</strong></span> <span class='ocrx_word' id='word_1_128' title='bbox 896 2744 1024 2817; x_wconf 84' lang='lat' dir='ltr'><strong>inerint,</strong></span> <span class='ocrx_word' id='word_1_129' title='bbox 1036 2744 1133 2806; x_wconf 86' lang='lat' dir='ltr'><strong>letale</strong></span> <span class='ocrx_word' id='word_1_130' title='bbox 1155 2746 1241 2808; x_wconf 77' lang='lat' dir='ltr'><strong>virus</strong></span> 
     </span>
     <span class='ocr_line' id='line_1_20' title="bbox 286 2841 1241 2927; baseline 0.007 -24"><span class='ocrx_word' id='word_1_131' title='bbox 286 2842 412 2917; x_wconf 84' lang='lat' dir='ltr'><strong>miscet,</strong></span> <span class='ocrx_word' id='word_1_132' title='bbox 426 2853 459 2904; x_wconf 93' lang='lat' dir='ltr'><strong>et</strong></span> <span class='ocrx_word' id='word_1_133' title='bbox 481 2842 507 2903; x_wconf 88' lang='lat' dir='ltr'><strong>si</strong></span> <span class='ocrx_word' id='word_1_134' title='bbox 531 2841 609 2924; x_wconf 92' lang='lat' dir='ltr'><strong>quid</strong></span> <span class='ocrx_word' id='word_1_135' title='bbox 632 2841 772 2903; x_wconf 88' lang='lat' dir='ltr'><strong>deterius</strong></span> <span class='ocrx_word' id='word_1_136' title='bbox 794 2852 859 2904; x_wconf 89' lang='lat' dir='ltr'><strong>est:</strong></span> <span class='ocrx_word' id='word_1_137' title='bbox 891 2864 956 2926; x_wconf 89' lang='lat' dir='ltr'><strong>qno</strong></span> <span class='ocrx_word' id='word_1_138' title='bbox 977 2845 1088 2927; x_wconf 88' lang='lat' dir='ltr'><strong>specie</strong></span> <span class='ocrx_word' id='word_1_139' title='bbox 1103 2845 1155 2909; x_wconf 90' lang='lat' dir='ltr'><strong>sui</strong></span> <span class='ocrx_word' id='word_1_140' title='bbox 1175 2847 1241 2909; x_wconf 88' lang='lat' dir='ltr'><strong>cla·</strong></span> 
     </span>
     <span class='ocr_line' id='line_1_21' title="bbox 288 2942 1240 3027; baseline 0.006 -22"><span class='ocrx_word' id='word_1_141' title='bbox 288 2942 385 3006; x_wconf 83' lang='lat' dir='ltr'><strong>rescit</strong></span> <span class='ocrx_word' id='word_1_142' title='bbox 422 2942 572 3027; x_wconf 88' lang='lat' dir='ltr'><strong>emplius,</strong></span> <span class='ocrx_word' id='word_1_143' title='bbox 602 2963 641 3005; x_wconf 93' lang='lat' dir='ltr'><strong>eo</strong></span> <span class='ocrx_word' id='word_1_144' title='bbox 679 2943 884 3025; x_wconf 90' lang='lat' dir='ltr'><strong>stupentibus</strong></span> <span class='ocrx_word' id='word_1_145' title='bbox 919 2944 1025 3009; x_wconf 88' lang='lat' dir='ltr'><strong>oculis</strong></span> <span class='ocrx_word' id='word_1_146' title='bbox 1061 2945 1240 3011; x_wconf 86' lang='lat' dir='ltr'><strong>densiorem</strong></span> 
     </span>
     <span class='ocr_line' id='line_1_22' title="bbox 287 3044 1240 3131; baseline 0.006 -22"><span class='ocrx_word' id='word_1_147' title='bbox 287 3044 428 3109; x_wconf 82' lang='lat' dir='ltr'><strong>infundit</strong></span> <span class='ocrx_word' id='word_1_148' title='bbox 453 3046 635 3126; x_wconf 86' lang='lat' dir='ltr'><strong>caliginem.</strong></span> <span class='ocrx_word' id='word_1_149' title='bbox 689 3045 969 3112; x_wconf 80' lang='lat' dir='ltr'><strong>Invalescentibns</strong></span> <span class='ocrx_word' id='word_1_150' title='bbox 994 3071 1071 3131; x_wconf 88' lang='lat' dir='ltr'><strong>ergo</strong></span> <span class='ocrx_word' id='word_1_151' title='bbox 1099 3073 1240 3115; x_wconf 84' lang='lat' dir='ltr'><strong>errorum</strong></span> 
     </span>
     <span class='ocr_line' id='line_1_23' title="bbox 287 3148 1238 3227; baseline 0.006 -15"><span class='ocrx_word' id='word_1_152' title='bbox 287 3148 440 3226; x_wconf 88' lang='lat' dir='ltr'><strong>tenebris,</strong></span> <span class='ocrx_word' id='word_1_153' title='bbox 454 3148 568 3211; x_wconf 86' lang='lat' dir='ltr'><strong>veritas</strong></span> <span class='ocrx_word' id='word_1_154' title='bbox 582 3149 754 3227; x_wconf 83' lang='lat' dir='ltr'><strong>evanescit,</strong></span> <span class='ocrx_word' id='word_1_155' title='bbox 768 3160 801 3213; x_wconf 92' lang='lat' dir='ltr'><strong>et</strong></span> <span class='ocrx_word' id='word_1_156' title='bbox 815 3151 965 3214; x_wconf 86' lang='lat' dir='ltr'><strong>virtutum</strong></span> <span class='ocrx_word' id='word_1_157' title='bbox 979 3152 1087 3217; x_wconf 80' lang='lat' dir='ltr'><strong>radice</strong></span> <span class='ocrx_word' id='word_1_158' title='bbox 1101 3156 1238 3227; x_wconf 86' lang='lat' dir='ltr'><strong>succisa,</strong></span> 
     </span>
     <span class='ocr_line' id='line_1_24' title="bbox 286 3249 1239 3335; baseline 0.005 -23"><span class='ocrx_word' id='word_1_159' title='bbox 286 3269 377 3332; x_wconf 86' lang='lat' dir='ltr'><strong>seges</strong></span> <span class='ocrx_word' id='word_1_160' title='bbox 398 3249 556 3330; x_wconf 87' lang='lat' dir='ltr'><strong>germinat</strong></span> <span class='ocrx_word' id='word_1_161' title='bbox 575 3250 734 3329; x_wconf 76' lang='lat' dir='ltr'><strong>citiorum,</strong></span> <span class='ocrx_word' id='word_1_162' title='bbox 747 3252 854 3315; x_wconf 88' lang='lat' dir='ltr'><strong>lumen</strong></span> <span class='ocrx_word' id='word_1_163' title='bbox 877 3254 1007 3315; x_wconf 86' lang='lat' dir='ltr'><strong>rationis</strong></span> <span class='ocrx_word' id='word_1_164' title='bbox 1029 3256 1239 3335; x_wconf 83' lang='lat' dir='ltr'><strong>extinguitur,</strong></span> 
     </span>
     <span class='ocr_line' id='line_1_25' title="bbox 287 3352 1239 3440; baseline 0.006 -25"><span class='ocrx_word' id='word_1_165' title='bbox 287 3362 319 3418; x_wconf 89' lang='lat' dir='ltr'><strong>et</strong></span> <span class='ocrx_word' id='word_1_166' title='bbox 332 3364 418 3417; x_wconf 87' lang='lat' dir='ltr'><strong>totns</strong></span> <span class='ocrx_word' id='word_1_167' title='bbox 432 3352 532 3416; x_wconf 90' lang='lat' dir='ltr'><strong>homo</strong></span> <span class='ocrx_word' id='word_1_168' title='bbox 547 3373 625 3416; x_wconf 88' lang='lat' dir='ltr'><strong>casu</strong></span> <span class='ocrx_word' id='word_1_169' title='bbox 639 3353 813 3416; x_wconf 88' lang='lat' dir='ltr'><strong>miserabili</strong></span> <span class='ocrx_word' id='word_1_170' title='bbox 827 3354 926 3417; x_wconf 88' lang='lat' dir='ltr'><strong>fertur</strong></span> <span class='ocrx_word' id='word_1_171' title='bbox 939 3356 973 3417; x_wconf 92' lang='lat' dir='ltr'><strong>in</strong></span> <span class='ocrx_word' id='word_1_172' title='bbox 987 3378 1144 3440; x_wconf 73' lang='lat' dir='ltr'><strong>prmceps.</strong></span> <span class='ocrx_word' id='word_1_173' title='bbox 1184 3360 1239 3421; x_wconf 85' lang='lat' dir='ltr'><strong>Sic</strong></span> 
     </span>
     <span class='ocr_line' id='line_1_26' title="bbox 285 3451 1239 3542; baseline 0.01 -29"><span class='ocrx_word' id='word_1_174' title='bbox 285 3451 448 3516; x_wconf 84' lang='lat' dir='ltr'><strong>rationalis</strong></span> <span class='ocrx_word' id='word_1_175' title='bbox 463 3460 607 3515; x_wconf 88' lang='lat' dir='ltr'><strong>creatura</strong></span> <span class='ocrx_word' id='word_1_176' title='bbox 623 3452 787 3529; x_wconf 86' lang='lat' dir='ltr'><strong>brutescit,</strong></span> <span class='ocrx_word' id='word_1_177' title='bbox 802 3454 848 3517; x_wconf 90' lang='lat' dir='ltr'><strong>sic</strong></span> <span class='ocrx_word' id='word_1_178' title='bbox 866 3454 973 3537; x_wconf 89' lang='lat' dir='ltr'><strong>imago</strong></span> <span class='ocrx_word' id='word_1_179' title='bbox 987 3458 1137 3520; x_wconf 82' lang='lat' dir='ltr'><strong>creatoris</strong></span> <span class='ocrx_word' id='word_1_180' title='bbox 1160 3480 1239 3542; x_wconf 86' lang='lat' dir='ltr'><strong>qna·</strong></span> 
     </span>
     <span class='ocr_line' id='line_1_27' title="bbox 285 3550 1243 3637; baseline 0.008 -20"><span class='ocrx_word' id='word_1_181' title='bbox 285 3550 359 3617; x_wconf 83' lang='lat' dir='ltr'><strong>dam</strong></span> <span class='ocrx_word' id='word_1_182' title='bbox 375 3574 496 3616; x_wconf 91' lang='lat' dir='ltr'><strong>morum</strong></span> <span class='ocrx_word' id='word_1_183' title='bbox 512 3552 722 3615; x_wconf 88' lang='lat' dir='ltr'><strong>similitudine</strong></span> <span class='ocrx_word' id='word_1_184' title='bbox 736 3552 931 3618; x_wconf 84' lang='lat' dir='ltr'><strong>deformatur</strong></span> <span class='ocrx_word' id='word_1_185' title='bbox 944 3556 977 3618; x_wconf 93' lang='lat' dir='ltr'><strong>in</strong></span> <span class='ocrx_word' id='word_1_186' title='bbox 995 3557 1143 3637; x_wconf 83' lang='lat' dir='ltr'><strong>bestiam,</strong></span> <span class='ocrx_word' id='word_1_187' title='bbox 1159 3561 1207 3625; x_wconf 88' lang='lat' dir='ltr'><strong>sic</strong></span> <span class='ocrx_word' id='word_1_188' title='bbox 1221 3582 1243 3625; x_wconf 88' lang='lat' dir='ltr'><strong>a</strong></span> 
     </span>
     <span class='ocr_line' id='line_1_28' title="bbox 287 3652 1240 3737; baseline 0.009 -20"><span class='ocrx_word' id='word_1_189' title='bbox 287 3654 481 3719; x_wconf 89' lang='lat' dir='ltr'><strong>conditionis</strong></span> <span class='ocrx_word' id='word_1_190' title='bbox 506 3674 571 3716; x_wconf 76' lang='lat' dir='ltr'><strong>sue</strong></span> <span class='ocrx_word' id='word_1_191' title='bbox 598 3652 754 3735; x_wconf 85' lang='lat' dir='ltr'><strong>dignitate</strong></span> <span class='ocrx_word' id='word_1_192' title='bbox 780 3655 952 3737; x_wconf 87' lang='lat' dir='ltr'><strong>degenerat</strong></span> <span class='ocrx_word' id='word_1_193' title='bbox 975 3658 1085 3737; x_wconf 90' lang='lat' dir='ltr'><strong>homo,</strong></span> <span class='ocrx_word' id='word_1_194' title='bbox 1106 3664 1240 3728; x_wconf 82' lang='lat' dir='ltr'><strong>vanitati</strong></span> 
     </span>
     <span class='ocr_line' id='line_1_29' title="bbox 287 3753 1242 3843; baseline 0.014 -26"><span class='ocrx_word' id='word_1_195' title='bbox 287 3754 401 3817; x_wconf 77' lang='lat' dir='ltr'><strong>similis</strong></span> <span class='ocrx_word' id='word_1_196' title='bbox 413 3754 528 3832; x_wconf 85' lang='lat' dir='ltr'><strong>factus,</strong></span> <span class='ocrx_word' id='word_1_197' title='bbox 543 3774 583 3816; x_wconf 91' lang='lat' dir='ltr'><strong>eo</strong></span> <span class='ocrx_word' id='word_1_198' title='bbox 598 3753 686 3837; x_wconf 93' lang='lat' dir='ltr'><strong>quod</strong></span> <span class='ocrx_word' id='word_1_199' title='bbox 701 3775 743 3817; x_wconf 85' lang='lat' dir='ltr'><strong>ex</strong></span> <span class='ocrx_word' id='word_1_200' title='bbox 763 3755 885 3819; x_wconf 90' lang='lat' dir='ltr'><strong>honore</strong></span> <span class='ocrx_word' id='word_1_201' title='bbox 900 3755 1019 3821; x_wconf 90' lang='lat' dir='ltr'><strong>collato</strong></span> <span class='ocrx_word' id='word_1_202' title='bbox 1032 3760 1194 3843; x_wconf 89' lang='lat' dir='ltr'><strong>intumuit,</strong></span> <span class='ocrx_word' id='word_1_203' title='bbox 1208 3779 1242 3829; x_wconf 91' lang='lat' dir='ltr'><strong>et</strong></span> 
     </span>
     <span class='ocr_line' id='line_1_30' title="bbox 286 3854 1243 3947; baseline 0.01 -28"><span class='ocrx_word' id='word_1_204' title='bbox 286 3868 435 3919; x_wconf 81' lang='lat' dir='ltr'><strong>ammore</strong></span> <span class='ocrx_word' id='word_1_205' title='bbox 445 3854 587 3939; x_wconf 89' lang='lat' dir='ltr'><strong>perdidit</strong></span> <span class='ocrx_word' id='word_1_206' title='bbox 595 3854 803 3921; x_wconf 85' lang='lat' dir='ltr'><strong>intellectum.</strong></span> <span class='ocrx_word' id='word_1_207' title='bbox 836 3857 1243 3947; x_wconf 85' lang='lat' dir='ltr'><strong>Quisenimeoindignior‚</strong></span> 
     </span>
     <span class='ocr_line' id='line_1_31' title="bbox 286 3954 1242 4052; baseline 0.012 -33"><span class='ocrx_word' id='word_1_208' title='bbox 286 3954 342 4039; x_wconf 88' lang='lat' dir='ltr'><strong>qni</strong></span> <span class='ocrx_word' id='word_1_209' title='bbox 356 3955 518 4038; x_wconf 85' lang='lat' dir='ltr'><strong>suiipsius</strong></span> <span class='ocrx_word' id='word_1_210' title='bbox 529 3954 834 4021; x_wconf 86' lang='lat' dir='ltr'><strong>contemnitbabere</strong></span> <span class='ocrx_word' id='word_1_211' title='bbox 845 3958 1012 4022; x_wconf 85' lang='lat' dir='ltr'><strong>notitiam?</strong></span> <span class='ocrx_word' id='word_1_212' title='bbox 1035 3964 1092 4047; x_wconf 93' lang='lat' dir='ltr'><strong>qni</strong></span> <span class='ocrx_word' id='word_1_213' title='bbox 1102 3974 1242 4052; x_wconf 81' lang='lat' dir='ltr'><strong>tempus,</strong></span> 
     </span>
     <span class='ocr_line' id='line_1_32' title="bbox 286 4054 1242 4140; baseline 0.01 -21"><span class='ocrx_word' id='word_1_214' title='bbox 286 4055 374 4139; x_wconf 90' lang='lat' dir='ltr'><strong>qnod</strong></span> <span class='ocrx_word' id='word_1_215' title='bbox 393 4075 491 4140; x_wconf 87' lang='lat' dir='ltr'><strong>perca</strong></span> <span class='ocrx_word' id='word_1_216' title='bbox 505 4076 602 4119; x_wconf 87' lang='lat' dir='ltr'><strong>manu</strong></span> <span class='ocrx_word' id='word_1_217' title='bbox 617 4054 726 4119; x_wconf 88' lang='lat' dir='ltr'><strong>datum</strong></span> <span class='ocrx_word' id='word_1_218' title='bbox 750 4066 810 4137; x_wconf 86' lang='lat' dir='ltr'><strong>est,</strong></span> <span class='ocrx_word' id='word_1_219' title='bbox 823 4057 866 4123; x_wconf 85' lang='lat' dir='ltr'><strong>ed</strong></span> <span class='ocrx_word' id='word_1_220' title='bbox 890 4080 1073 4127; x_wconf 83' lang='lat' dir='ltr'><strong>mensnram</strong></span> <span class='ocrx_word' id='word_1_221' title='bbox 1094 4065 1128 4127; x_wconf 92' lang='lat' dir='ltr'><strong>in</strong></span> <span class='ocrx_word' id='word_1_222' title='bbox 1147 4088 1242 4133; x_wconf 88' lang='lat' dir='ltr'><strong>usum</strong></span> 
     </span>
     <span class='ocr_line' id='line_1_33' title="bbox 285 4156 1242 4251; baseline 0.013 -34"><span class='ocrx_word' id='word_1_223' title='bbox 285 4156 369 4233; x_wconf 73' lang='lat' dir='ltr'><strong>rite,</strong></span> <span class='ocrx_word' id='word_1_224' title='bbox 383 4170 416 4221; x_wconf 86' lang='lat' dir='ltr'><strong>et</strong></span> <span class='ocrx_word' id='word_1_225' title='bbox 435 4157 538 4221; x_wconf 89' lang='lat' dir='ltr'><strong>solum</strong></span> <span class='ocrx_word' id='word_1_226' title='bbox 562 4156 701 4240; x_wconf 85' lang='lat' dir='ltr'><strong>reparari</strong></span> <span class='ocrx_word' id='word_1_227' title='bbox 715 4177 780 4220; x_wconf 94' lang='lat' dir='ltr'><strong>non</strong></span> <span class='ocrx_word' id='word_1_228' title='bbox 802 4156 921 4241; x_wconf 65' lang='lat' dir='ltr'><strong>potest,</strong></span> <span class='ocrx_word' id='word_1_229' title='bbox 933 4164 1077 4227; x_wconf 77' lang='lat' dir='ltr'><strong>muraria</strong></span> <span class='ocrx_word' id='word_1_230' title='bbox 1100 4168 1242 4251; x_wconf 80' lang='lat' dir='ltr'><strong>quadam</strong></span> 
     </span>
     <span class='ocr_line' id='line_1_34' title="bbox 286 4258 1241 4350; baseline 0.012 -29"><span class='ocrx_word' id='word_1_231' title='bbox 286 4258 470 4323; x_wconf 65' lang='lat' dir='ltr'><strong>accamone</strong></span> <span class='ocrx_word' id='word_1_232' title='bbox 491 4268 524 4322; x_wconf 91' lang='lat' dir='ltr'><strong>et</strong></span> <span class='ocrx_word' id='word_1_233' title='bbox 545 4258 665 4343; x_wconf 83' lang='lat' dir='ltr'><strong>poenali</strong></span> <span class='ocrx_word' id='word_1_234' title='bbox 687 4259 896 4341; x_wconf 88' lang='lat' dir='ltr'><strong>repetendum</strong></span> <span class='ocrx_word' id='word_1_235' title='bbox 919 4262 956 4325; x_wconf 92' lang='lat' dir='ltr'><strong>in</strong></span> <span class='ocrx_word' id='word_1_236' title='bbox 972 4264 1047 4327; x_wconf 78' lang='lat' dir='ltr'><strong>rite</strong></span> <span class='ocrx_word' id='word_1_237' title='bbox 1069 4265 1241 4350; x_wconf 83' lang='lat' dir='ltr'><strong>dispendia</strong></span> 
     </span>
     <span class='ocr_line' id='line_1_35' title="bbox 330 4375 771 4423; baseline -0.007 0"><span class='ocrx_word' id='word_1_238' title='bbox 330 4375 400 4423; x_wconf 68' lang='lat' dir='ltr'><strong>vot</strong></span> <span class='ocrx_word' id='word_1_239' title='bbox 416 4377 466 4421; x_wconf 90' lang='lat'>111.</span> <span class='ocrx_word' id='word_1_240' title='bbox 752 4377 771 4420; x_wconf 91' lang='lat' dir='ltr'><strong>c</strong></span> 
     </span>
    </p>
   </div>
   <div class='ocr_carea' id='block_1_7' title="bbox 0 0 1722 5367">
    <p class='ocr_par' dir='ltr' id='par_1_7' title="bbox 0 0 1722 5367">
     <span class='ocr_line' id='line_1_36' title="bbox 0 0 1722 5367; baseline 0 0"><span class='ocrx_word' id='word_1_241' title='bbox 0 0 1722 5367; x_wconf 95' lang='lat' dir='ltr'><strong> </strong></span> 
     </span>
    </p>
   </div>
  </div>
 </body>
</html>
