3425 5367
453 642 494 701 ta
712 652 848 696 men'ls
863 650 1144 697 sannsssntsusrs
1266 634 1349 715 [mn
1366 652 1405 697 11.

452 802 702 891 pertendebant,
720 802 801 866 utin
817 824 850 865 se
864 824 995 888 quoque
1015 803 1158 867 beneficii
1177 804 1259 886 loco,
1273 826 1404 869 couver-

453 918 555 971 terent
577 902 689 980 scelus,
706 927 771 989 quo
792 903 910 967 scilicet
932 903 1127 975 cruciatibus
1149 904 1243 969 lamis
1264 905 1405 968 velocius

451 1007 709 1078 absolverentur;
740 1003 794 1067 sed
819 1026 902 1067 novo
924 1004 1124 1070 crudelitatis
1148 1028 1272 1090 genere,
1295 1029 1405 1070 necem

450 1128 546 1193 quam
585 1120 697 1193 sponte
726 1105 915 1182 inserebant,
946 1107 971 1169 si
1002 1120 1204 1191 rogarentur,
1231 1108 1404 1192 negabant.

450 1213 559 1284 Quum
582 1229 688 1273 tamen
712 1208 935 1295 unusquisque
954 1208 1169 1274 deficientium
1186 1233 1260 1275 cum
1279 1211 1403 1295 gemitu

449 1324 647 1397 retorqueret
661 1311 769 1376 oculos
783 1311 824 1374 ad
841 1311 1008 1397 templum,
1024 1333 1087 1374 non
1103 1311 1144 1375 de
1158 1325 1258 1377 morte
1273 1314 1404 1398 propria

448 1414 569 1490 dolens,
594 1412 648 1477 sed
675 1413 716 1476 de
742 1412 933 1500 impunitate
958 1414 1158 1500 praedonum,
1185 1437 1268 1499 quos
1292 1436 1403 1499 super·

448 1520 537 1581 stites
552 1517 782 1603 relinquebant.
805 1543 808 1555 ·
830 1517 876 1579 Et
893 1516 997 1601 primo
1020 1516 1150 1601 quidem
1167 1528 1299 1601 sumptu
1317 1515 1401 1600 pub-

447 1620 519 1697 lico,
536 1620 668 1707 sepelire
690 1632 834 1684 mortuos
851 1620 1025 1703 jusserant,
1044 1618 1168 1683 loetoris
1188 1617 1401 1683 intolerantia.

448 1724 496 1786 Ut
523 1747 598 1787 vero
623 1747 746 1789 omnem
778 1736 920 1787 sumtum
947 1725 1046 1807 coepit
1070 1724 1196 1785 vincere
1225 1720 1402 1785 multitudo

447 1824 660 1903 morientium,
686 1825 726 1888 de
752 1847 843 1890 muro
870 1824 1024 1887 cadavera
1053 1822 1307 1910 praecipitabant.
1356 1828 1400 1887 At

446 1950 546 2012 quum
557 1925 1398 2012 Tituscircumienspervidissetrepletasmortuorum

445 2028 652 2093 cadaveribus
673 2028 779 2105 valles,
796 2042 827 2093 et
850 2028 982 2091 humani
1005 2031 1144 2113 corporis
1166 2028 1242 2091 tabo
1263 2027 1398 2113 patriam

443 2144 560 2196 terram
578 2130 685 2218 rigari,
702 2153 774 2195 cum
791 2130 911 2215 ingenti
927 2130 1062 2215 gemitu,
1078 2131 1208 2195 elevatis
1222 2131 1263 2194 ad
1281 2131 1398 2194 coelum

445 2232 610 2296 manibus:
644 2235 748 2297 Deum
772 2232 901 2297 invocat
924 2245 1048 2311 testem,
1064 2231 1124 2294 boc
1146 2235 1196 2296 sui
1218 2255 1314 2296 causa
1335 2255 1398 2296 non

444 2336 621 2421 provenire,
649 2334 704 2399 sed
730 2356 762 2397 se
787 2333 848 2397 ista
875 2332 1029 2396 sustinere
1054 2332 1201 2397 invitum.
1254 2336 1299 2397 Et
1325 2347 1397 2419 post

443 2436 609 2524 aliquanta
625 2438 740 2501 iterum
754 2436 776 2498 J
778 2434 917 2521 osepbus
929 2433 1005 2498 talia
1020 2434 1168 2520 quaedam
1185 2435 1397 2522 prosequitur.

446 2538 517 2603 Non
530 2537 713 2618 cunctabor,
724 2536 841 2624 inquit,
853 2537 997 2623 prolerre
1008 2536 1094 2621 quod
1107 2536 1218 2600 sentio.
1249 2538 1396 2602 Arbitror

444 2644 526 2710 enim
551 2642 638 2732 quod
655 2642 762 2724 etiam,
778 2640 802 2707 si
826 2640 976 2707 adversus
991 2638 1105 2727 impios
1127 2641 1223 2718 cives,
1239 2644 1397 2706 Romano-

442 2770 512 2813 rum
534 2746 697 2836 paulisper
719 2766 806 2810 armc
828 2757 1010 2820 cessassent,
1026 2756 1083 2808 aut
1105 2743 1195 2809 hiatu
1219 2756 1323 2819 terrae,
1339 2756 1397 2809 aut

443 2872 536 2933 aquae
551 2845 684 2928 diluvio,
699 2860 755 2913 aut
772 2846 988 2913 sodomitanis
1003 2846 1144 2931 ignibus,
1161 2858 1193 2910 et
1208 2845 1395 2909 fulminibus

441 2951 567 3016 coelitus
593 2950 696 3029 tortis,
722 2950 914 3035 supplicium
943 2950 1054 3012 civitas
1082 2948 1296 3033 dependisset,
1322 2972 1395 3035 quae

440 3052 543 3115 multo
569 3051 787 3114 infaustiorem
814 3051 887 3127 illis,
911 3051 967 3136 qui
994 3050 1063 3115 baec
1088 3048 1230 3135 perpessi
1256 3064 1342 3129 sunt,
1364 3060 1397 3114 et

439 3154 622 3238 nequiorem
639 3150 780 3216 virorum
805 3162 991 3239 praesentem
1008 3148 1089 3211 hanc
1111 3146 1296 3232 protulisset
1318 3162 1395 3213 aeta-

440 3268 513 3338 tem,
531 3276 589 3341 pro
605 3251 723 3342 quibus
736 3252 838 3319 ottttris
853 3274 931 3341 gens
953 3251 1073 3338 pariter
1094 3259 1269 3313 mereretur
1290 3248 1393 3314 extin-

437 3358 505 3446 gui.
553 3356 614 3423 Sed
636 3356 666 3422 in
683 3368 773 3422 sexto
790 3356 872 3421 libro
893 3356 934 3419 de
949 3353 1066 3419 eisdem
1083 3350 1159 3414 talia
1182 3351 1302 3417 scribit.
1347 3358 1393 3420 Et

437 3482 559 3537 eorum,
575 3458 692 3545 inquit,
709 3458 765 3544 qui
788 3481 845 3544 per
867 3468 965 3520 totam
989 3454 1148 3518 civitatem
1172 3454 1266 3517 famis
1288 3455 1393 3520 inedia

437 3560 736 3644 corrumpebantur,
757 3557 932 3621 multitudo
956 3555 1196 3619 innumerabilis
1219 3571 1297 3636 erat,
1312 3581 1392 3641 quo-

437 3684 507 3725 rum
525 3682 581 3723 nec
596 3658 747 3744 explicari
763 3658 888 3721 miseria
902 3670 1018 3743 potest.
1067 3660 1129 3723 Per
1148 3660 1290 3744 singulas
1304 3682 1391 3722 nam-

436 3786 499 3850 que
515 3762 637 3837 domos‚
654 3760 757 3823 sicubi
773 3759 895 3845 aliquid
911 3760 1023 3825 fuisset
1039 3760 1102 3825 cibi
1118 3774 1291 3847 repertum,
1308 3761 1391 3825 bella

435 3865 597 3945 continuo,
619 3875 651 3927 et
674 3865 776 3927 caedes
797 3862 881 3927 iuter
898 3886 1000 3941 caroS,
1015 3865 1167 3950 ipsosque
1188 3877 1335 3949 parentes
1353 3887 1390 3927 ac

434 3967 551 4030 liberos
573 3968 795 4039 nascebantur,
812 3964 891 4027 dum
913 3988 974 4028 uon
1000 3966 1136 4029 solome
1158 3965 1316 4041 manibus,
1327 3966 1387 4028 sed

435 4090 473 4131 ex
490 4067 566 4153 ipsis
582 4066 675 4129 etiam
692 4067 851 4143 faucibus
867 4067 1000 4130 invicem
1026 4067 1134 4131 cibum
1158 4090 1270 4151 rapere
1293 4078 1391 4131 certa-

434 4171 519 4233 bant.
568 4168 664 4233 Fides
689 4182 796 4233 autem
823 4192 881 4232 nec
906 4169 1039 4233 mortuis
1061 4183 1148 4244 erat;
1184 4169 1237 4232 sed
1260 4182 1292 4232 et
1316 4167 1390 4253 ipsi,

434 4295 533 4359 quum
546 4273 612 4359 jam
625 4272 770 4357 spiritum
782 4272 978 4350 exhalarent,
988 4272 1268 4358 perscrutabantur
1279 4294 1297 4334 a
1309 4294 1391 4356 prae-
