3425 5367
335 705 405 754 cue.
421 689 513 769 xus]
680 702 937 751 ronronsrrcos.
1247 694 1287 752 st

334 870 410 923 trua
432 878 559 943 quoque
580 854 684 919 varias
706 854 824 920 habent
847 853 1102 938 significationes.
1146 856 1182 921 Si
1203 855 1287 919 euim

334 958 466 1023 afferant
477 980 705 1045 quamcunque
712 956 855 1021 fulminis
866 955 1039 1034 laesionem,
1048 956 1190 1022 infausta
1201 970 1286 1023 suut.

335 1067 432 1135 Unde
445 1065 545 1132 illud:

404 1176 480 1247 Saepe
491 1174 590 1228 melum
599 1174 649 1227 hoe
661 1174 735 1227 uobis
748 1174 784 1241 (si
795 1190 871 1226 meus
882 1190 933 1226 non
943 1172 1010 1227 lora
1021 1171 1131 1244 fuisset)

403 1261 447 1315 De
458 1261 520 1315 caelo
529 1264 614 1313 tectas
625 1260 734 1314 memini
745 1259 884 1331 predicere
896 1276 1015 1329 quereus.

337 1358 376 1422 ln
391 1356 563 1422 bisantem
578 1368 610 1421 et
625 1354 707 1421 illud
730 1353 952 1441 perpenditur,
967 1378 1007 1419 an
1024 1355 1135 1421 semita
1154 1378 1219 1421 una
1233 1355 1289 1423 de·

337 1458 505 1539 scenderit,
518 1481 558 1524 au
573 1456 750 1523 multifaria
770 1456 851 1521 aeris
872 1456 1022 1542 ruptione
1043 1457 1177 1524 diffusos
1199 1483 1287 1546 spar-

336 1560 412 1625 serit
426 1561 525 1644 ignes.
569 1563 642 1625 Hoc
656 1558 804 1645 equidem
821 1582 946 1644 semper
961 1559 1083 1623 tristius
1097 1573 1157 1626 est.
1200 1565 1288 1626 Dum

337 1662 437 1729 Caius
467 1664 574 1727 Caesar
601 1660 686 1727 civili
714 1660 800 1725 bello
831 1660 944 1746 patrioe
972 1660 1162 1743 immineret,
1190 1685 1288 1748 quam

336 1762 527 1827 fulminosus
535 1785 589 1826 aer
600 1760 753 1840 extiterit,
762 1774 844 1847 quot
856 1760 1005 1825 habuerit
1013 1764 1124 1845 igneos
1132 1763 1288 1840 turbines,

336 1876 417 1951 quot
439 1863 546 1930 trabes
567 1862 717 1941 emiserit,
741 1884 800 1927 nec
822 1875 944 1927 veteres
965 1861 1105 1927 historiae
1127 1862 1288 1929 sufficiunt

336 1988 491 2033 enarrare.

831 2076 868 2128 Et
879 2080 941 2128 mne

440 2162 536 2231 Ignota
545 2160 663 2215 obscnrae
673 2160 794 2214 viderunt
805 2161 891 2213 sidera
901 2166 999 2215 noctes.

339 2265 373 2330 Si
393 2288 468 2330 vero
488 2264 633 2329 fulminis
654 2277 760 2329 careat
784 2276 984 2351 tempestate,
999 2263 1027 2329 si
1047 2264 1164 2329 laevum
1187 2279 1288 2344 sonet,

337 2368 468 2433 deorum
494 2367 636 2432 creditur
661 2366 812 2430 nunciare
834 2366 987 2434 favorem.
1029 2371 1147 2433 AEneas
1171 2369 1287 2433 Jovem

338 2494 357 2535 a
370 2469 502 2535 sinistris
516 2481 679 2533 tonantem
695 2468 839 2545 audiens,
856 2492 888 2531 se
903 2491 977 2532 eum
999 2470 1171 2554 praemissis
1192 2471 1288 2536 sacri-

337 2569 415 2633 ficiis
427 2568 576 2655 opinatur
587 2569 705 2633 habere
720 2567 905 2655 propitium.
943 2568 1006 2634 Sed
1023 2570 1288 2655 qualitercunque

336 2670 398 2737 ista
419 2691 453 2736 se
475 2671 624 2748 habeant,
647 2670 792 2735 innatum
816 2669 961 2735 timorem
983 2670 1147 2735 homiuum
1171 2672 1288 2757 poterit
1380 2726 1385 2735 .

336 2772 493 2858 mitigare,
512 2771 599 2859 quod
620 2794 713 2835 nemo
735 2773 850 2835 sentiet
872 2770 1017 2835 fulminis
1037 2771 1149 2849 ictum,
1165 2772 1190 2837 si
1213 2786 1287 2837 ante

337 2872 472 2937 tonitrui
484 2894 595 2937 sonum
607 2872 755 2951 audierit,
765 2886 822 2937 aut
833 2872 1018 2959 praeviderit
1029 2878 1287 2941 coruscationem.

340 2974 493 3039 Tiberius
518 2976 637 3057 Caesar,
658 2974 836 3041 turbatiore
863 2974 954 3056 coelo,
976 2975 1114 3041 lauream
1140 3000 1287 3043 coronam

336 3076 483 3162 gestabat
503 3076 537 3140 in
565 3076 681 3163 capite,
704 3075 782 3162 quie
804 3076 864 3140 hoc
885 3099 987 3161 genus
1008 3077 1130 3144 frondis
1155 3079 1289 3145 fulmine

337 3189 473 3263 negatur
497 3176 606 3243 afflari.
661 3177 822 3241 Tonitrua
848 3178 1003 3265 siquidem
1029 3179 1227 3245 timidissime
1255 3194 1288 3245 et

336 3279 537 3345 vehementer
567 3302 690 3365 semper
726 3280 903 3345 exhorruit.
963 3282 1024 3345 Est
1053 3291 1161 3346 tamen
1198 3282 1288 3366 quod

335 3380 447 3467 procul
468 3381 570 3447 dubio
585 3381 679 3467 longe
694 3380 844 3446 tutiorem
861 3380 938 3445 facit
961 3380 1132 3455 bominem,
1149 3380 1174 3442 si
1191 3380 1287 3445 fidem

335 3481 437 3546 crucis
448 3494 552 3547 servet
562 3481 595 3546 in
608 3495 746 3567 pectore,
757 3481 917 3568 justitiam
929 3480 1004 3545 fidei
1014 3492 1118 3565 gestet
1129 3481 1163 3544 in
1174 3480 1289 3567 capite,

335 3594 368 3647 et
390 3583 590 3649 salutiferum
612 3583 738 3669 signum
755 3582 828 3647 fidei
851 3606 964 3649 manus
985 3584 1133 3649 innocens
1152 3586 1232 3671 figat
1253 3586 1288 3650 in

334 3684 451 3768 fronte,
459 3685 551 3749 illurn
564 3708 687 3772 semper
702 3708 769 3772 pree
781 3700 886 3751 mente
900 3684 1030 3770 babens,
1041 3690 1098 3773 qui
1109 3687 1288 3755 cultoribus

335 3786 412 3865 suis,
426 3810 551 3853 omnem
567 3788 680 3853 mundi
695 3789 839 3853 timorem
857 3788 1033 3869 excutiens,
1046 3792 1109 3854 ait:
1143 3793 1176 3854 A
1190 3789 1288 3876 signis

336 3888 408 3953 coeli
422 3912 462 3953 ue
476 3889 658 3969 timueritis,
670 3912 742 3977 quae
757 3891 871 3956 timent
885 3903 1007 3976 gentes,
1018 3891 1096 3977 quia
1109 3914 1170 3977 ego
1184 3893 1289 3958 vobis·

335 4014 408 4057 cum
425 3992 584 4057 Dominus
600 3992 690 4057 Deus
705 4006 818 4059 vester.
856 3997 939 4059 Haec
954 4016 1083 4079 quoque
1094 3994 1192 4059 verba
1205 3994 1289 4062 inter

336 4094 512 4161 tonandum
528 4095 577 4160 vel
597 4095 708 4161 audita
722 4095 772 4159 vel
794 4095 893 4172 dicta,
908 4095 1093 4161 scribuntur
1114 4120 1133 4160 a
1154 4098 1289 4183 quibus-

335 4194 409 4261 dam
434 4220 550 4263 noxam
580 4196 723 4262 fulminis
752 4197 916 4262 amovisse.
970 4198 1061 4263 Nihil
1090 4212 1196 4264 autem
1226 4216 1286 4279 est,

336 4297 422 4382 quod
436 4299 675 4367 imminentibus
690 4299 800 4385 signis,
816 4300 862 4365 ita
885 4312 989 4366 totum
1005 4302 1166 4365 concutiat
1188 4302 1287 4366 homi·
