3425 5367
443 699 504 759 178
698 709 834 755 scaurus
850 707 1131 754 sanusanaruusrs
1243 689 1323 767 [ura.
1341 708 1395 752 111.

444 859 604 949 pectoris?
637 860 796 926 Ceterum
811 881 910 944 quum
926 859 1097 944 multiplex
1119 859 1161 922 sit
1183 859 1295 923 vitium
1317 859 1396 922 adu-

443 963 544 1040 landi,
566 962 638 1025 aliis
652 962 753 1039 vultu,
773 961 844 1024 aliis
859 961 965 1034 verbo,
987 960 1059 1023 aliis
1082 978 1179 1042 opere
1193 959 1245 1021 vel
1263 979 1396 1022 munere

443 1063 688 1138 assentantibus,
697 1062 920 1125 efficacissima
928 1070 977 1124 est
985 1060 1179 1124 adulationis
1189 1059 1284 1136 fraus,
1295 1079 1396 1140 quum

441 1162 678 1228 simulationem
708 1161 899 1225 confirment
927 1182 1067 1237 munera,
1091 1171 1147 1224 aut
1172 1161 1203 1223 ei
1232 1159 1394 1224 difficilius

442 1265 630 1348 obsequium
646 1273 850 1329 contestatur.
895 1264 931 1327 si
945 1264 1037 1327 aliter
1051 1262 1163 1343 credis,

824 1411 903 1463 quam
915 1399 942 1447 te
955 1399 1001 1447 tua
1011 1400 1128 1464 tempora
1138 1374 1242 1460 fallunt,

547 1481 601 1545 Qui
613 1481 681 1552 stips
692 1479 745 1533 mel
757 1485 843 1533 sumta
855 1480 955 1533 dulcius
967 1497 1025 1533 essa
1036 1485 1120 1550 putas.

441 1600 592 1666 Probatio
608 1599 767 1685 siquidem
779 1623 862 1666 verae
878 1601 1057 1665 dilectionis
1068 1614 1117 1665 est
1131 1602 1193 1665 sub
1206 1601 1303 1686 hujus
1316 1612 1395 1666 tem·

441 1703 574 1788 pestatis
590 1701 803 1786 corruptione,
812 1701 1026 1786 frequentatio
1037 1702 1188 1766 muueris.
1210 1704 1271 1765 Ars
1281 1704 1395 1766 artium

404 1877 408 1884 ¹
442 1814 501 1883 cst,
516 1805 542 1867 si
557 1803 684 1887 placere
699 1803 758 1879 vis,
772 1801 955 1886 frequenter
969 1801 1055 1866 dato.

684 1931 713 1984 si
725 1931 837 1984 calidum
848 1933 899 1984 scis
910 1949 1005 2002 ponere
1017 1948 1117 1996 sumen,
1203 1976 1208 1986 .

545 2019 602 2071 Scis
613 2017 735 2070 comitem
745 2017 905 2071 horridulum
915 2019 978 2070 trita
988 2018 1085 2070 donme
1095 2017 1208 2084 lacerna,

442 2141 519 2203 alter
534 2139 713 2201 Mercurius
729 2137 789 2200 eris
806 2138 846 2211 ei,
862 2139 939 2200 etsi
955 2138 1001 2200 vis
1016 2141 1163 2222 amplius,
1179 2162 1215 2205 es
1229 2142 1356 2226 Apollo,

545 2249 697 2319 Phteboque
708 2249 846 2322 pulchn'or,
860 2255 888 2302 et
898 2268 984 2303 sorore
997 2252 1101 2306 Phoebi.

440 2365 512 2427 Nec
542 2373 592 2426 est
621 2361 708 2444 quod
737 2361 778 2425 de
805 2362 955 2444 suffragio
984 2363 1085 2447 ipsius
1111 2365 1273 2450 desperes,
1294 2389 1392 2452 quem

438 2464 624 2528 muneribus
652 2463 769 2546 pascis.
830 2465 991 2528 Alimenta
1020 2466 1181 2548 siquidem
1214 2470 1393 2533 umbratilis

439 2564 559 2646 gratiae,
575 2577 608 2628 et
626 2563 766 2627 nominis
788 2564 950 2647 prostituti
969 2569 1163 2631 munuscula
1182 2579 1267 2647 suut,
1282 2582 1313 2633 et
1331 2570 1393 2633 nisi

438 2663 556 2728 luerint
570 2663 778 2747 frequentata,
789 2664 939 2726 amicitiae
953 2685 1069 2728 nomen
1081 2666 1275 2733 interimunt.
1298 2669 1394 2732 Frus-

439 2777 498 2844 tra,
513 2764 554 2828 de
575 2762 716 2828 muueris
739 2763 917 2846 quantitate
938 2765 1154 2846 praesumitur,
1168 2767 1232 2830 uisi
1253 2768 1392 2831 animam

439 2864 625 2950 cupiditatis
644 2865 717 2946 igue
741 2885 940 2943 succensam,
956 2867 1076 2930 crebrae
1095 2868 1285 2932 visitationis
1306 2869 1394 2932 resri-

439 2965 527 3047 gerio
549 2974 719 3046 temperes,
734 2972 766 3025 et
785 2964 927 3026 avaritias
943 2964 1057 3048 jugem
1079 2967 1214 3030 esuriem
1235 2968 1394 3051 frequenti

438 3062 670 3128 beneficiorum
693 3062 940 3143 interpolatione
965 3063 1158 3130 demulceas.
1205 3068 1394 3151 Aquilarum

437 3164 553 3228 dicitur
561 3183 632 3225 esse
641 3170 762 3240 natura,
775 3171 810 3224 ut
822 3167 922 3245 qu'um
933 3166 1131 3229 stomachum
1144 3168 1282 3251 pleniori
1296 3168 1394 3231 refec-

440 3267 527 3330 tione
541 3263 816 3346 ingurgitaverint,
831 3264 866 3326 in
882 3265 1030 3348 quintum
1046 3265 1208 3331 decimum
1223 3268 1320 3344 diem,
1333 3266 1393 3344 vel,

436 3379 473 3432 ut
487 3367 557 3432 aliis
571 3367 689 3451 placet,
700 3365 733 3428 in
747 3366 1024 3450 quadragesimum
1035 3367 1233 3449 suspendant
1243 3371 1394 3452 esuriem,

437 3471 678 3551 oblatorumque
690 3468 832 3530 ciborum
850 3469 977 3549 copiam
993 3478 1213 3548 aspernentur,
1223 3491 1290 3534 una
1304 3486 1392 3538 satu.

436 3571 529 3632 ritate
553 3578 722 3631 contentae.
767 3567 852 3630 Sane
874 3569 972 3647 longe
994 3567 1057 3629 alia
1082 3567 1223 3633 conditio
1247 3570 1393 3653 divitum,

436 3669 501 3730 imo
516 3688 624 3730 eorum
641 3667 695 3749 qui
717 3668 859 3729 venalem
879 3667 1076 3749 prostituunt
1095 3670 1239 3750 gratiam.
1285 3676 1392 3757 Magis

437 3770 523 3833 enim
541 3767 744 3852 aliquatenus
764 3767 925 3831 accedunt
942 3769 985 3832 ad
1005 3769 1164 3847 homines,
1180 3775 1238 3856 qui
1259 3795 1390 3840 necesse

436 3872 568 3946 habent,
585 3870 659 3952 quia
673 3870 783 3933 crebro
798 3870 953 3948 esuriunt,
967 3873 1079 3936 crebro
1095 3874 1195 3938 refici.
1240 3877 1298 3938 Vis
1313 3898 1390 3960 pos·

437 3981 512 4035 srmt
547 3971 716 4035 collectam
760 3969 894 4032 esuriem
927 3972 961 4033 iu
993 3971 1077 4036 diem
1111 3974 1391 4057 quadragesimum

436 4073 607 4154 protelare,
630 4070 707 4152 quin
734 4070 942 4152 indignentur
964 4073 1087 4149 amicis,
1109 4075 1137 4137 si
1161 4097 1227 4139 nou
1249 4079 1389 4143 avaritiae

436 4173 560 4235 hiatum
582 4171 790 4256 oppleverint.
829 4172 984 4237 Solebaut
1005 4174 1182 4258 antiquitus
1203 4178 1387 4263 Gratiarum

436 4273 616 4352 simulacra,
632 4273 764 4356 effigiari
787 4272 888 4353 nuda,
900 4295 939 4338 eo
958 4276 1045 4358 quod
1065 4277 1211 4341 soliditas
1229 4282 1395 4360 amicitie,

1622 707 1648 776 1
