3425 5367
451 747 513 807 ata
705 758 842 805 Joauurs
862 758 1140 807 sauasuauruusrs
1276 744 1358 819 [tru.
1374 761 1405 806 v.

455 913 614 991 amicitiae,
648 912 749 975 amico
781 911 942 976 interdum
981 911 1142 975 dilationis
1166 912 1298 993 gratiam
1321 914 1406 976 facit.

455 1016 531 1077 Hoc
557 1023 662 1077 tamen
689 1014 794 1097 ipsum
819 1033 901 1093 raro,
926 1023 959 1077 et
980 1033 1044 1075 uon
1068 1014 1130 1075 uisi
1146 1034 1245 1077 causa
1268 1016 1406 1096 cognita.

456 1116 555 1178 Porro
580 1114 656 1178 dum
681 1135 779 1178 causa
802 1134 923 1197 anceps
947 1124 1007 1191 est,
1032 1112 1143 1177 dilatio
1172 1116 1357 1198 protelatur,
1381 1115 1409 1177 si

458 1236 522 1277 nou
549 1215 773 1293 contentionis,
799 1216 911 1278 saltem
939 1214 1120 1279 decisionis.
1177 1203 1263 1279 Nam
1283 1216 1410 1299 judicia

455 1302 618 1387 festinata,
652 1315 872 1399 poenitentiam
904 1315 1044 1398 pariunt.
1101 1315 1198 1379 Unde
1227 1326 1260 1379 et
1292 1318 1412 1394 Graeci,

461 1437 559 1500 quum
587 1425 741 1496 urgentur
765 1414 806 1479 ad
833 1415 1022 1478 seutentiam
1049 1430 1220 1499 antequam
1247 1415 1286 1479 de
1316 1437 1413 1480 causa

462 1518 593 1601 liqueat,
607 1516 803 1601 respondent
824 1526 933 1600 patres
957 1538 1032 1580 suos
1055 1518 1157 1581 solem
1180 1518 1266 1601 apud
1290 1518 1412 1601 antipo-

464 1618 522 1683 des
546 1639 611 1683 uon
633 1618 772 1695 vidisse;
802 1618 861 1681 sed
883 1628 1071 1701 expectasse
1096 1640 1231 1703 semper,
1255 1620 1359 1683 donec
1383 1628 1416 1682 et

464 1719 545 1801 ipsis
560 1720 702 1782 oriretur.
747 1718 873 1784 Dicunt
892 1717 977 1781 enim
999 1739 1238 1803 praepropemm
1259 1740 1329 1782 esse
1349 1720 1414 1783 via·

464 1832 577 1900 torem,
604 1822 659 1906 qui
684 1830 854 1904 antequam
880 1820 993 1883 lucifer
1019 1821 1146 1897 oriatur,
1170 1821 1284 1883 crassis
1309 1820 1415 1883 adhuc

381 1991 386 1999 ,
465 1923 616 2001 tenebris,
640 1924 778 2005 luceque
803 1931 935 1997 remota,
963 1920 1090 1985 diaetam
1116 1921 1307 2003 aggreditur.
1352 1920 1415 1984 Sed

466 2047 526 2089 nec
534 2024 678 2108 judicem
689 2031 805 2086 terreat
816 2022 988 2086 auctoritas
996 2023 1175 2105 ligatorum,
1186 2044 1283 2107 quum
1296 2022 1416 2105 Pytha·

468 2146 553 2207 goroe
581 2126 616 2186 in
639 2124 861 2203 longissimum
885 2133 1013 2206 tempus
1040 2125 1081 2187 sit
1109 2124 1210 2187 dilata
1239 2124 1360 2209 petitio,
1386 2134 1419 2188 et

469 2224 643 2287 Alexandri
658 2223 850 2287 Macedonis
875 2225 908 2286 in
935 2225 1090 2288 castrensi
1109 2225 1235 2309 judicio
1259 2226 1301 2289 sit
1323 2248 1419 2290 causa

469 2322 625 2386 damnata.
672 2322 768 2395 Quod
788 2332 821 2385 et
843 2324 898 2387 ille
921 2336 1090 2407 acceptum
1112 2326 1236 2402 habuit,
1252 2324 1420 2410 judicibus

469 2446 568 2507 agens
582 2425 725 2507 gratiam,
740 2446 877 2508 quorum
892 2426 925 2487 in
942 2448 981 2489 eo
1003 2426 1101 2489 fidem
1116 2428 1313 2511 probaverat,
1333 2427 1421 2512 quod

465 2527 624 2612 justitiam
650 2522 737 2589 omui
760 2526 941 2609 potentatui
963 2528 1181 2610 praeferebant.
1226 2530 1318 2593 Nihil
1348 2551 1421 2593 vero

471 2627 657 2712 praeclarius
677 2626 717 2690 de
738 2626 925 2692 Alexandro
946 2628 1014 2705 illo,
1035 2650 1129 2712 quem
1153 2630 1286 2713 publica
1311 2632 1421 2714 opinio

471 2749 624 2808 magnum
639 2728 764 2806 asserit,
788 2728 821 2790 in
847 2728 956 2811 aliqua
978 2728 1110 2792 historia
1133 2750 1206 2791 meo
1226 2728 1353 2812 judicio
1377 2751 1425 2793 re-

473 2829 553 2913 peri.
598 2828 684 2891 Mihi
710 2828 839 2912 quidem
865 2849 999 2910 semper,
1021 2837 1057 2891 ut
1081 2838 1186 2891 tamen
1210 2849 1292 2910 pace
1316 2850 1424 2892 eorum

474 2932 600 3013 loquar,
630 2930 684 3013 qui
713 2930 922 2992 temeritatem
952 2929 1060 2991 virtuti
1097 2930 1279 3011 praeferunt,
1310 2930 1427 2995 ditissi-

475 3054 529 3095 mo
548 3030 733 3094 Alexandro
753 3052 875 3114 pauper
892 3031 1090 3113 Pythagoras
1109 3031 1210 3115 major
1225 3032 1295 3095 erit.
1333 3030 1429 3105 Quod

477 3143 513 3196 ut
536 3152 664 3194 mecum
686 3130 852 3213 conjicias,
879 3131 1085 3194 collationem
1107 3130 1253 3215 Philippi
1276 3142 1309 3196 et
1331 3134 1428 3195 Alex·

479 3232 581 3311 andri,
610 3232 716 3313 Trogo
751 3230 919 3313 Pompeio,
949 3232 1001 3294 vel
1030 3232 1159 3295 Justino
1189 3233 1429 3317 compendiario

480 3336 561 3420 ejus,
576 3333 603 3397 si
623 3333 735 3410 maris,
750 3343 890 3413 auctore,
904 3334 1113 3397 revolvamus.
1159 3335 1214 3397 Ait
1236 3356 1329 3416 ergo:
1353 3334 1430 3397 Fuit

480 3438 649 3521 Philippus
685 3457 752 3516 rex,
790 3456 948 3499 armorum
984 3456 1079 3518 quam
1117 3436 1331 3499 conviviorum
1364 3447 1431 3498 stu-

482 3538 613 3610 diosior,
638 3537 690 3602 cui
704 3538 856 3602 maximae
881 3557 959 3621 opes
985 3544 1075 3601 eraut
1096 3537 1308 3599 instrumenta
1331 3538 1434 3600 bello·

483 3660 563 3713 rum,
590 3638 771 3699 divitiarum
797 3648 947 3719 quaestus,
978 3659 1074 3721 quam
1105 3636 1251 3703 custodia
1279 3638 1434 3701 solertior.

483 3742 599 3822 Itaque
613 3738 696 3800 iuter
716 3736 919 3821 quotidianas
933 3741 1074 3823 rapinas,
1096 3762 1223 3825 semper
1237 3740 1332 3824 inops
1346 3748 1434 3815 erat;

483 3838 703 3903 misericordia
731 3839 765 3901 in
792 3860 830 3901 eo
864 3850 896 3903 et
932 3840 1078 3923 perfidia,
1108 3843 1177 3925 pari
1198 3840 1271 3925 jure
1299 3842 1432 3904 dilectae.

483 3940 580 4023 Apud
595 3960 668 4004 eum
694 3940 781 4002 nulla
803 3938 884 4002 ratio
909 3938 1058 4002 vincendi
1082 3940 1194 4021 turpis,
1219 3938 1356 4001 blandus
1379 3958 1434 4021 pa-

483 4041 556 4101 riter
581 4049 613 4101 et
637 4038 810 4101 insidiosus
847 4040 999 4123 alloquio,
1026 4038 1082 4121 qui
1107 4039 1200 4119 plura
1229 4036 1436 4118 promitteret,

485 4160 581 4223 quam
595 4148 769 4221 praestaret.
814 4142 855 4205 In
871 4143 952 4205 seria
966 4150 999 4205 et
1014 4140 1110 4221 jocos
1134 4136 1260 4215 artifex,
1281 4137 1437 4200 amicitias

484 4237 632 4316 utilitate,
670 4259 736 4300 non
773 4238 837 4303 fide
878 4243 1013 4305 colebat.
1073 4238 1219 4302 Gratiam
1249 4238 1370 4319 fingere
1403 4237 1437 4299 iu

487 4338 574 4420 odio,
588 4339 742 4405 instruere
758 4338 841 4402 inter
855 4339 1086 4406 concordantes
1102 4337 1189 4415 odia,
1212 4335 1298 4421 apud
1320 4344 1437 4401 utrum-
