3425 5367
487 735 551 794 290
747 746 884 793 Joauurs
901 745 1185 793 slansnnnrnusrs
1318 727 1400 806 [tm.
1416 745 1448 789 v.

488 919 552 961 non
570 897 707 963 multum
723 918 810 975 curo,
825 896 1003 961 dummodo
1016 907 1140 962 constet
1157 894 1312 961 Consules
1327 896 1447 962 Roma·

490 1022 604 1065 norum
619 1022 659 1066 so
674 1001 836 1085 subegisse
853 998 1023 1087 Pyrrhum,
1036 998 1121 1086 quod
1137 997 1306 1085 perfidiam
1322 998 1461 1081 lucrant

488 1104 657 1188 aspernati.
703 1103 881 1189 Epistolam
908 1122 983 1167 vero
1006 1101 1183 1167 Consulum
1209 1100 1251 1165 ad
1277 1100 1445 1187 Pyrrhum,

490 1206 573 1271 hanc
597 1206 692 1271 luisse
720 1205 952 1291 Quadrigarius
977 1203 1285 1273 refert—Consules
1310 1204 1449 1269 Romani

489 1308 625 1373 salutem
647 1309 760 1374 dieunt
784 1309 909 1395 Pyrrho
935 1307 1012 1393 regi.
1059 1306 1126 1371 Nos
1151 1328 1209 1393 pro
1233 1307 1297 1371 tuis
1321 1306 1446 1391 injuriis

489 1408 642 1475 continno
666 1411 774 1475 animo
800 1410 964 1493 commoti,
989 1409 1161 1473 inimiciter
1186 1422 1293 1474 tecum
1323 1408 1444 1474 bellare

487 1510 663 1590 studemus,
686 1513 742 1579 sed
764 1535 838 1577 cum
862 1510 980 1577 muniis
1005 1510 1144 1596 exempli
1167 1521 1201 1575 et
1222 1508 1308 1575 fidei.
1357 1509 1445 1595 Ergo

487 1610 590 1677 risum
606 1624 654 1678 est
674 1626 710 1678 ut
727 1625 759 1678 ts
778 1614 899 1679 salvum
921 1612 1066 1689 velimus,
1082 1633 1148 1698 quo
1165 1612 1216 1693 sit,
1230 1634 1326 1697 quem
1348 1612 1443 1677 armis

487 1715 641 1801 possimus
670 1716 807 1782 vincere.
853 1716 907 1780 Ad
936 1738 993 1780 nos
1023 1714 1111 1779 venit
1142 1714 1250 1779 Nicias
1279 1714 1444 1779 familiaris

485 1826 569 1895 tuus,
594 1819 649 1906 qui
673 1818 733 1883 sibi
757 1842 776 1883 a
799 1818 891 1883 nobis
914 1818 1081 1903 praemium
1104 1827 1240 1903 peteret,
1257 1817 1282 1881 si
1304 1828 1337 1881 te
1360 1817 1442 1882 clam

487 1918 704 1987 interfecisset.
751 1920 790 1984 ld
813 1942 872 1985 nos
888 1920 1074 2005 negavimus
1095 1918 1284 2001 velle,nevc
1306 1919 1348 1983 ob
1371 1942 1441 1984 earn

487 2042 554 2085 rem
576 2022 748 2109 quicquam
771 2023 930 2087 commodi
950 2034 1146 2109 ,expectaret
1170 2021 1440 2087 denunciavimus.

487 2122 590 2189 Simul
605 2126 703 2189 etiarn
719 2124 821 2188 visum
837 2138 896 2202 est,
913 2137 949 2189 ut
964 2138 996 2190 to
1011 2125 1179 2190 certiorem
1196 2124 1383 2203 laceremus,
1399 2148 1440 2190 ne

485 2224 563 2309 quid
586 2225 778 2312 hujusmodi,
797 2226 823 2291 si
845 2227 1023 2305 accidisset,
1039 2240 1146 2292 nostro
1168 2226 1298 2292 consilio
1320 2228 1439 2292 factum

483 2337 632 2411 putarent
649 2329 803 2408 civitates,
819 2330 946 2393 sciturae
962 2330 1048 2417 qu'od
1063 2330 1155 2395 nobis
1170 2352 1232 2393 non
1248 2329 1354 2415 placet
1368 2352 1441 2415 pro·

485 2429 597 2508 missis,
613 2445 669 2497 aut
683 2434 795 2519 pretio,
811 2446 868 2498 aut
887 2433 967 2498 dolis
987 2456 1139 2519 pugnare.
1179 2433 1242 2512 Tu,
1258 2433 1318 2497 uisi
1336 2456 1438 2515 caves,

478 2532 613 2618 jacebis.
639 2537 727 2611 Quid
736 2537 1083 2623 referam,quodquum
1096 2537 1125 2600 ei
1133 2536 1222 2620 regni
1232 2536 1438 2601 medietatem

485 2635 625 2723 Pyrrhus
639 2639 816 2721 obtulisset,
831 2652 867 2703 ut
881 2660 994 2725 pacem
1018 2638 1253 2703 conditionibus
1268 2639 1369 2726 aequls
1383 2640 1440 2703 ad·

482 2739 636 2820 mitteret,
653 2753 854 2827 contemptus
869 2752 926 2806 est.
973 2742 1037 2805 Sed
1053 2762 1113 2804 nec
1128 2740 1218 2823 regui
1233 2742 1437 2807 medietatem

484 2842 644 2928 acquievit
673 2844 828 2930 accipere,
857 2855 894 2907 ut
924 2840 1096 2907 amicitiam
1119 2841 1331 2926 ,promitteret
1360 2844 1437 2928 regi.

487 2944 597 3019 Quum
613 2970 688 3011 vero
705 2949 831 3034 Cyneas
846 2946 895 3011 vir
917 2944 1204 3032 praestantissimus,
1220 2946 1275 3031 qui
1302 2945 1437 3010 Romam

484 3049 596 3112 missus
622 3051 725 3113 luerat
755 3072 898 3113 reversus
923 3049 1171 3131 interrogaretur
1195 3046 1298 3133 qualis
1332 3048 1436 3111 Roma

482 3162 575 3232 esset,
598 3152 759 3237 respondit
781 3174 814 3215 se
841 3174 953 3235 regum
978 3150 1091 3214 vidisse
1115 3150 1260 3235 patriam,
1285 3172 1323 3213 eo
1349 3151 1434 3236 quod

481 3253 547 3317 lere
563 3277 673 3319 omnes
688 3254 767 3320 tales
782 3268 887 3319 essent
898 3254 973 3329 illic,
987 3252 1089 3341 qualis
1101 3266 1185 3317 essct
1196 3254 1278 3317 solus
1296 3253 1434 3338 Pyrrhus

481 3356 513 3421 in
532 3358 641 3445 Epiro,
656 3359 705 3424 vel
723 3359 845 3446 reliqua
862 3358 999 3423 Graecia.
1033 3356 1153 3419 Audita
1168 3378 1243 3439 ergo
1261 3356 1437 3421 constantia

481 3463 630 3539 Fabricii,
642 3463 747 3549 iuquit
763 3486 835 3527 rex:
862 3462 926 3528 Hic
942 3472 989 3525 est
999 3459 1110 3547 utique
1125 3460 1179 3523 ille
1191 3458 1365 3538 Fabricius,
1378 3459 1434 3545 qui

479 3563 638 3628 difficilius
664 3588 683 3628 a
709 3566 834 3638 virtute,
862 3586 959 3649 quam
993 3562 1048 3625 Sol
1078 3584 1097 3625 a
1127 3584 1220 3625 cursu
1249 3582 1305 3625 suo
1334 3562 1434 3625 averti

479 3676 592 3747 potest.
638 3666 817 3750 Imperator
838 3668 947 3749 Caesar
970 3666 1136 3749 Augustus
1160 3664 1380 3745 Germanicus,
1395 3686 1434 3728 eo

478 3766 564 3832 bello
578 3790 642 3855 quo
656 3768 743 3832 victis
759 3768 901 3832 hostibus
916 3767 1101 3831 Germanici
1114 3788 1291 3849 cognomen
1305 3766 1433 3846 meruit,

478 3893 577 3957 quum
594 3872 626 3935 in
644 3871 759 3935 finibus
782 3871 944 3956 copiarum
969 3870 1097 3934 castella
1113 3880 1256 3954 poneret,
1272 3890 1328 3952 pro
1351 3870 1435 3933 sruc-

475 3975 560 4039 tibus
582 3975 733 4052 locorum,
757 3998 831 4061 quae
854 3974 937 4039 vallo
963 3970 1267 4058 comprehendebat,
1290 3971 1428 4055 pretium

484 4076 561 4140 solvi
580 4077 684 4161 jussit,
705 4090 801 4164 atque
824 4076 870 4141 ita
894 4076 1029 4162 justitias
1051 4075 1136 4138 lama
1163 4072 1307 4136 omniurn
1331 4074 1429 4139 fidem

475 4178 628 4242 astrinxit.
689 4179 777 4254 Quid
807 4181 847 4244 de
878 4178 1073 4244 continentia
1105 4175 1222 4253 dicam,
1254 4198 1427 4263 rerumque

474 4294 670 4367 contemptu,
697 4283 954 4370 quandoquidem
980 4277 1143 4343 Plutarchi
1171 4279 1426 4363 strategematica

471 4383 623 4449 nonnulla
653 4384 805 4469 promisi?
846 4382 895 4447 M.
925 4382 1079 4445 Catonern
1108 4379 1221 4443 eodem
1250 4379 1333 4456 vino,
1361 4400 1426 4465 quo
