3425 5367
353 709 424 754 cra.
441 692 503 770 xa]
725 709 980 754 aocrcaarrcus.
1241 695 1302 753 251

353 879 426 922 cum
448 858 594 924 Christo:
619 871 651 922 et
674 859 830 924 sententia
849 859 978 944 quidem
1001 880 1075 922 vera
1095 869 1157 936 est,
1173 857 1199 920 si
1220 860 1302 922 inter

353 958 465 1022 mundi
487 958 591 1036 flores,
614 972 743 1045 reputes
765 959 919 1024 lenocinia
943 958 1102 1024 vitiorum.
1146 959 1248 1043 Atqui
1270 971 1303 1022 et

351 1083 441 1145 reges
461 1063 573 1124 florere
592 1073 736 1147 possunt,
757 1074 789 1125 et
813 1056 1022 1125 mundialium
1047 1059 1160 1124 florum
1185 1059 1302 1124 dulcis·

351 1162 446 1226 simos
456 1176 488 1227 et
500 1163 685 1228 utilissimos
695 1162 728 1226 in
738 1175 892 1227 aeternum
905 1185 1034 1248 carpere
1045 1162 1180 1228 fructus.
1214 1161 1302 1237 Quid

350 1277 458 1328 autem
477 1263 602 1328 beatius
619 1276 678 1342 est,
692 1286 789 1349 quam
812 1263 838 1328 si
859 1262 900 1326 de
915 1263 1037 1330 divitiis
1051 1263 1092 1326 ad
1108 1263 1245 1338 divitias,
1262 1264 1301 1328 de

349 1364 468 1428 delitiis
492 1364 534 1429 ud
560 1364 695 1444 delitias,
716 1364 757 1428 de
781 1363 884 1448 gloria
909 1365 949 1428 ad
979 1363 1111 1448 gloriam
1137 1364 1301 1450 Principes

350 1465 593 1544 transferantur,
607 1465 648 1528 de
662 1463 891 1550 temporalibus
906 1464 947 1528 ad
962 1468 1105 1528 aeterna?

456 1740 535 1824 Cap.
554 1745 602 1802 ll.
628 1741 712 1813 Quae
725 1740 849 1802 attalia
866 1758 979 1802 merces
994 1738 1198 1819 Principum.

393 1877 468 1937 Nnc
488 1885 595 1936 tamen
614 1870 702 1957 quod
718 1871 819 1936 literae
833 1874 938 1957 prima
957 1869 1052 1934 facies
1067 1870 1226 1955 promittit
1242 1894 1297 1935 ex·

346 1971 663 2060 cludo,quaeetlongi
672 1972 823 2058 temporis
832 1995 965 2058 regnum
973 1971 1131 2058 promittit
1141 1973 1297 2058 patribus,

346 2087 377 2139 et
392 2074 534 2160 ejusdem
550 2077 780 2140 successionem
795 2072 959 2159 protendit
974 2071 1015 2136 ad
1030 2072 1121 2148 filios,
1139 2072 1193 2158 qui
1213 2073 1297 2139 sicut

347 2176 529 2262 temporalis
553 2177 656 2261 regni,
681 2175 727 2240 ita
751 2187 847 2240 eruut
873 2188 905 2238 et
935 2187 1063 2240 aeternae
1088 2174 1297 2240 beatitudinis

347 2299 549 2341 successores.
595 2279 667 2341 Scio
689 2275 772 2340 enim
794 2277 872 2362 quia
895 2276 946 2341 lex
968 2275 1085 2340 carnali
1107 2277 1228 2363 populo
1250 2276 1294 2342 lo·

344 2378 517 2462 quebntur,
546 2378 604 2462 qui
633 2399 687 2442 cor
714 2377 821 2443 adhuc
851 2377 971 2442 habens
1001 2377 1173 2462 lapideum,
1202 2380 1297 2445 incir-

344 2477 505 2542 cumcisus
530 2491 644 2553 mente,
667 2500 730 2540 non
753 2500 858 2557 carne,
879 2477 979 2542 vitam
1003 2499 1042 2542 ex
1069 2499 1183 2560 magna
1204 2492 1295 2564 parte

345 2578 504 2643 nesciebat
533 2592 696 2655 aeternam,
722 2579 948 2663 magnifaciens
977 2579 1002 2644 si
1028 2578 1057 2642 ei
1086 2578 1171 2644 bona
1201 2592 1294 2646 terrtc

344 2679 510 2756 darentur,
535 2682 585 2746 vel
608 2680 871 2767 promitterentur
894 2680 927 2744 iu
952 2679 1069 2745 cibum.
1115 2682 1294 2747 Carnaliter

343 2781 452 2866 itaque
473 2783 605 2868 sapienti
627 2783 713 2848 facta
734 2794 782 2846 est
801 2781 966 2868 promissio
988 2781 1102 2861 carnis,
1122 2794 1154 2848 et
1176 2783 1203 2847 ei
1222 2805 1295 2870 pro-

344 2885 440 2948 missa
464 2897 512 2950 est
541 2884 733 2951 diuturnitas
758 2884 921 2972 temporis,
946 2885 1002 2971 qui
1032 2884 1175 2950 noudum
1204 2907 1292 2972 spem

343 3000 530 3072 conceperat
549 3001 676 3053 arternae
696 2986 912 3067 beatitudinis,
928 2999 960 3051 et
981 2986 1153 3072 temporale
1172 2988 1205 3052 iu
1221 3010 1292 3054 suc·

342 3086 514 3151 cessionem
529 3087 667 3152 filiorum
686 3086 889 3173 protenditur
904 3108 1037 3172 regnum
1053 3086 1128 3164 illia,
1143 3087 1200 3173 qui
1215 3111 1293 3153 nou-

342 3187 419 3253 dum
444 3189 629 3275 quaerebam
653 3201 819 3254 arternum.
864 3188 953 3254 Patri
976 3211 1053 3273 ergo
1076 3189 1293 3275 temporaliter

342 3291 482 3354 succedit
504 3289 601 3367 filius,
624 3288 650 3352 si
671 3289 772 3375 patris
790 3289 951 3373 justitiam
975 3287 1129 3353 imitatur.
1176 3290 1292 3372 Aufer,

341 3389 445 3477 inquit
474 3391 633 3468 Salomon,
656 3390 853 3476 impietatem
877 3389 918 3453 de
941 3388 1035 3454 vultu
1059 3389 1155 3474 regis,
1178 3403 1210 3456 et
1236 3392 1290 3455 fir-

341 3491 482 3556 mabitur
498 3493 628 3578 justitia
649 3491 785 3556 thronus
801 3491 880 3576 ejus.
928 3489 961 3554 Si
981 3489 1064 3554 enim
1085 3513 1106 3554 a
1127 3491 1231 3568 vultu,
1255 3493 1290 3558 id

340 3604 401 3670 est,
414 3615 435 3657 a
457 3594 620 3660 voluntate
641 3592 760 3658 recedit
780 3592 938 3676 impietas,
952 3593 1053 3656 totius
1071 3592 1160 3678 regni
1180 3615 1289 3678 opera,

339 3693 431 3780 virga
444 3697 617 3782 requitatis,
630 3706 663 3760 et
683 3696 775 3760 cultu
793 3693 932 3782 justitiae
951 3693 1147 3780 diriguntur.
1194 3696 1290 3762 Unde

339 3795 441 3861 illud:
480 3801 551 3863 Rex
573 3799 631 3884 qui
649 3798 736 3862 sedet
756 3798 789 3861 iu
814 3797 878 3860 sole
895 3795 1023 3879 judicii,
1043 3796 1175 3882 dissipat
1196 3819 1288 3860 omne

338 3897 457 3963 malum
472 3899 591 3965 intuitu
607 3923 676 3965 suo.
709 3902 794 3964 Ecce
808 3907 930 3982 quanto
944 3895 1112 3981 privilegio
1125 3897 1287 3982 gaudeant

339 4001 511 4087 Principes,
531 4001 652 4088 quibus
671 4014 709 4066 ut
730 3999 771 4062 de
794 4011 914 4062 aterna
935 3995 1133 4062 beatitudine
1154 4010 1286 4074 mosam,

337 4113 546 4184 perpetuatur
568 4105 659 4187 regni
679 4099 792 4186 gloria,
806 4099 903 4162 etiam
923 4098 955 4162 iu
975 4119 1068 4163 carne
1086 4111 1118 4164 et
1134 4100 1286 4186 sauguine
1377 4127 1386 4136 ·

337 4223 406 4266 suo.
435 4200 930 4270 Gloriatur-Dominussevirum
943 4201 1100 4267 invenisse
1111 4201 1286 4266 secuudum

334 4324 389 4365 cor
403 4325 510 4382 suum,
524 4317 556 4368 et
571 4327 673 4390 quum
693 4325 766 4368 eum
782 4303 814 4366 in
837 4303 927 4386 regni
942 4303 1061 4388 apicem
1083 4300 1285 4388 postmodum
