3425 5367
469 681 530 744 148
734 703 873 750 Joruurs
887 703 1170 751 asanaanmnssrs
1289 689 1372 768 [nro.
1387 710 1427 753 11.

468 849 497 914 ci
511 851 691 936 ignorantia
704 854 886 942 suffragari,
908 879 1009 943 quum
1023 858 1145 923 nemini
1165 857 1261 924 liceat
1280 858 1427 942 ignorare

467 967 657 1036 creaturam,
672 979 746 1042 quoe
763 980 797 1020 sc
816 958 943 1044 appetit
965 957 1101 1036 odomri,
1115 958 1277 1022 infidelem
1299 971 1332 1023 et
1354 981 1425 1043 per-

469 1077 567 1122 versae
593 1057 767 1124 voluntatis
792 1081 869 1124 ease.
915 1059 1043 1126 Sciebat
1066 1061 1163 1125 etiam
1188 1060 1332 1124 illicitum
1356 1083 1424 1123 esse

469 1158 584 1223 ariolos
607 1173 639 1225 et
663 1182 798 1247 magnos
821 1162 995 1248 inquirere,
1008 1175 1042 1226 et
1065 1161 1107 1226 de
1128 1162 1248 1228 futuris
1268 1159 1423 1225 solicitata

468 1262 660 1348 Pythonem.
697 1263 793 1341 Quod
809 1263 834 1327 si
846 1286 920 1327 eum
931 1265 1114 1348 ignorantia
1127 1287 1270 1350 personae
1280 1276 1420 1340 excusat,

468 1365 605 1430 melioris
619 1366 813 1431 conditionis
835 1379 931 1430 erunt
946 1366 1038 1430 stulti
1053 1389 1151 1452 quam
1175 1366 1281 1452 periti,
1295 1379 1327 1430 et
1348 1389 1420 1451 per·

468 1468 550 1531 versi
565 1490 662 1554 quam
678 1467 768 1532 recti.
806 1469 853 1532 Et
868 1469 914 1532 ait
929 1467 1058 1531 Samuel
1074 1468 1154 1548 (uon
1168 1467 1317 1553 equidem
1327 1491 1421 1532 verua

470 1568 526 1634 sed
541 1568 721 1634 umbratilis
735 1581 767 1632 et
791 1568 936 1648 fictitius,
949 1581 983 1633 et
1004 1591 1072 1654 quo
1095 1568 1214 1653 dignus
1233 1584 1292 1646 eat,
1305 1569 1422 1654 impius

468 1685 502 1737 et
517 1672 673 1757 reprobus
698 1672 912 1755 consultator)
929 1672 1017 1747 Quid
1043 1694 1095 1735 mc
1119 1672 1305 1757 interrogas,
1318 1694 1418 1758 quum

469 1775 797 1840 Dominusrecesserit
807 1797 826 1837 a
837 1787 870 1838 te
880 1786 913 1837 et
924 1773 1084 1838 transierit
1095 1773 1293 1838 adoemulum
1306 1776 1419 1838 tuum?

471 1875 699 1961 Responsionis
720 1874 860 1953 initium,
874 1875 950 1938 fidei
971 1889 1219 1942 consentaneum
1241 1888 1301 1957 est,
1313 1887 1346 1939 ct
1368 1896 1420 1937 ac·

469 1976 671 2042 commodum
701 1977 826 2041 rationi.
885 1977 971 2054 Quid
999 1978 1082 2042 enim
1108 1979 1250 2043 conferet
1277 1987 1421 2041 creatura

468 2077 526 2156 illi,
548 2099 644 2162 quem
668 2077 785 2140 deserit
809 2081 911 2152 Deus,
925 2090 959 2141 et
980 2079 1034 2142 cui
1056 2078 1175 2166 deripit
1198 2079 1322 2164 spolia?
1353 2076 1417 2143 sed

468 2177 583 2242 sensim
599 2177 689 2241 adid
712 2177 802 2262 quod
816 2201 911 2243 suum
935 2192 994 2259 eat,
1007 2179 1109 2245 hostis
1122 2196 1155 2245 et
1177 2181 1253 2245 fidei
1276 2179 1419 2243 inimicus

468 2277 611 2354 divertit,
625 2277 805 2342 immiscens
824 2277 904 2341 falsa
917 2279 1012 2360 veria,
1026 2292 1060 2344 et
1079 2281 1242 2345 mendacia
1260 2280 1323 2344 fide
1338 2282 1419 2344 veri-

468 2377 544 2442 tatis
569 2377 769 2443 obnubilans.
815 2379 971 2462 Sequitur
995 2381 1100 2445 euim:
1131 2382 1241 2446 Faciet
1265 2381 1324 2444 tibi
1349 2381 1418 2443 Do·

469 2483 573 2546 minus
583 2481 663 2545 sicut
678 2479 833 2568 loquutus
846 2495 894 2546 est
909 2484 942 2546 in
959 2504 1057 2546 manu
1072 2507 1153 2558 mea,
1167 2493 1201 2548 et
1214 2482 1334 2547 scindet
1349 2503 1419 2566 reg-

467 2607 546 2649 num
561 2596 655 2648 tuum
670 2584 710 2648 de
725 2607 820 2649 manu
837 2597 905 2664 tua,
920 2598 953 2649 et
975 2584 1067 2650 dabit
1086 2585 1169 2649 illud
1190 2585 1337 2672 proximo
1360 2596 1418 2648 tuo

469 2687 588 2765 David,
604 2690 680 2774 quia
703 2709 765 2750 nou
791 2685 929 2751 obedisti
944 2686 1014 2749 voci
1038 2687 1180 2766 Domini,
1193 2709 1296 2772 neque
1316 2685 1419 2750 fecisti

467 2790 545 2854 iram
568 2790 685 2856 suroris
699 2790 769 2875 ejus
790 2791 823 2853 in
848 2788 1012 2853 Amelech.
1051 2788 1176 2852 Idcirco
1191 2787 1278 2874 quod
1292 2786 1421 2873 pateris,

467 2893 541 2957 fecit
567 2894 627 2958 tibi
653 2892 810 2957 Dominus
838 2891 946 2968 bodie,
976 2909 1009 2954 et
1031 2890 1122 2954 dabit
1145 2891 1303 2954 Dominus
1324 2889 1419 2954 etiam

467 3008 573 3058 tecum
593 2995 692 3057 lsrael
704 2995 736 3056 in
752 3015 849 3058 manu
862 2993 1114 3058 Philistiuorum.
1160 2994 1240 3057 Cras
1254 3005 1360 3057 autem
1379 3004 1417 3056 tu

467 3107 499 3158 et
514 3093 572 3158 filii
588 3094 636 3160 tui
652 3115 774 3156 mecum
789 3093 887 3156 eritis.
934 3092 996 3154 Sed
1014 3107 1047 3156 et
1070 3105 1174 3156 castra
1190 3094 1289 3157 Israel
1314 3091 1418 3159 tradet

468 3195 627 3260 Dominus
641 3197 672 3259 in
682 3215 812 3256 manum
824 3192 1005 3259 Philistiim.
1037 3193 1173 3257 Exitum
1189 3193 1318 3278 quidem
1333 3195 1419 3272 belli,

466 3280 604 3361 fideliter
617 3295 753 3360 infidelis
767 3295 926 3383 exposuit,
938 3295 993 3360 sed
1009 3308 1114 3359 tamen
1130 3295 1298 3358 verborum
1310 3297 1421 3361 tendi-

467 3397 548 3462 culis
578 3397 735 3462 infidelem
769 3410 801 3462 et
835 3397 992 3461 infelicem
1025 3396 1162 3458 animam
1196 3393 1420 3461 fraudulenter

467 3498 602 3585 decepit.
647 3498 813 3562 Deviantis
840 3497 997 3583 siquidem
1023 3498 1190 3560 confirmat
1215 3517 1363 3573 errorem,
1387 3510 1419 3562 et

467 3601 692 3686 impoenitenti‚
702 3613 775 3685 post
786 3600 919 3673 exitum,
932 3600 1072 3684 quietem
1085 3597 1287 3684 repromittit.
1311 3601 1419 3677 Quum

468 3701 550 3765 enim
566 3700 644 3766 dicit
654 3701 826 3765 Dominum
839 3700 1046 3786 impleturum
1063 3724 1138 3787 quaa
1153 3702 1307 3789 loquutus
1321 3716 1369 3769 est
1383 3705 1416 3769 in

468 3825 564 3867 manu
590 3826 672 3881 mea,
698 3826 730 3868 se
757 3802 970 3890 proculdubio
996 3801 1122 3868 simulat
1149 3804 1337 3882 Samuelem,
1360 3828 1418 3891 per

469 3928 561 3990 quem
581 3905 679 3982 Sauli,
704 3929 776 3992 quae
798 3904 980 3986 denunciat,
1001 3904 1156 3991 loquutus
1172 3920 1223 3972 eat
1247 3909 1415 3972 Dominus.

469 4010 576 4080 Quum
601 4023 707 4072 autem
731 4006 916 4093 subjungit:
942 4010 1020 4074 Cras
1043 4020 1078 4072 tu
1102 4021 1134 4073 et
1156 4008 1214 4072 filii
1230 4008 1278 4072 tui
1294 4030 1417 4072 mecum

468 4108 567 4184 eritis,
603 4131 713 4172 verum
748 4108 878 4194 quidem
914 4109 969 4172 sed
1005 4109 1225 4174 fraudulenter
1259 4109 1416 4174 enunciat.

469 4211 550 4274 Erat
578 4209 659 4273 enim
691 4206 743 4272 die
770 4209 915 4294 sequenti
951 4208 1009 4272 sibi
1039 4233 1168 4274 manum
1198 4233 1238 4274 ex
1273 4209 1419 4295 despera-

465 4314 552 4380 tione
589 4311 741 4399 injiciens,
776 4311 816 4375 od
855 4311 972 4376 inferos
1009 4312 1213 4389 transiturus,
1249 4311 1417 4376 habiturus
