3425 5367
422 716 486 776 316
684 734 821 780 coaluus
837 720 1117 782 saansenruausis
1245 722 1326 802 [me.
1344 741 1374 785 v.

422 884 596 967 propitium
622 885 807 949 sustinuerit
831 887 966 950 hostem.
1011 890 1054 952 At
1077 889 1110 952 iu
1138 890 1287 972 litigiosis
1312 892 1376 957 dis·

422 985 642 1067 putationibus
673 996 706 1048 et
740 985 1030 1052 declamationibus
1064 991 1276 1070 scholasticis,
1306 994 1375 1057 sine
1460 980 1465 983 ’

423 1086 566 1168 periculo
580 1087 642 1150 isto
664 1086 726 1150 ista
746 1099 920 1152 versantur.
967 1090 1034 1153 Sed
1054 1092 1110 1153 ubi
1125 1091 1168 1155 ad
1182 1092 1283 1156 forum
1301 1114 1376 1156 ven-

423 1201 490 1249 tum
505 1198 564 1261 est,
579 1189 611 1250 in
627 1209 691 1272 quo
711 1189 815 1252 inanis
834 1190 1007 1253 ostentatio
1026 1192 1148 1274 ingenii
1164 1194 1374 1277 conquiescit,

423 1299 455 1352 et
469 1290 552 1354 seria
566 1290 725 1355 duntaxat
745 1292 914 1372 agitantur,
928 1293 996 1355 sine
1012 1294 1156 1377 periculo
1170 1295 1377 1376 litigatorum,

423 1402 477 1455 aut
483 1390 615 1475 judicis,
625 1392 658 1454 in
671 1394 839 1457 sententiae
850 1395 977 1457 calculo
989 1415 1053 1457 non
1067 1408 1195 1459 erratur.
1233 1398 1304 1460 Nec
1318 1408 1376 1474 est,

423 1504 459 1558 ut
473 1494 598 1577 opinor,
612 1495 786 1579 quicquam
807 1492 926 1569 utilius,
942 1516 1036 1578 quam
1053 1496 1233 1578 periculum
1248 1495 1377 1575 differri,

424 1596 608 1659 siomniuo
631 1595 722 1659 vitari
743 1617 809 1659 non
835 1606 953 1679 potest.
998 1595 1241 1679 Iniquissimum
1267 1607 1374 1661 tamen

424 1708 482 1769 est,
492 1695 601 1780 jurgia
620 1698 780 1778 protelari,
799 1718 899 1781 quum
914 1697 1095 1759 alterutrius
1107 1698 1299 1778 litigantium
1319 1720 1375 1781 pe·

422 1798 577 1861 riclitatur
601 1797 730 1871 utilitas,
753 1808 786 1861 et
809 1797 855 1859 rei
876 1797 1049 1860 difficultas
1072 1818 1191 1859 moram
1212 1819 1276 1861 non
1300 1820 1377 1861 con·

424 1899 527 1962 trahit
565 1897 728 1981 Quicquid
739 1898 837 1979 igitur
847 1898 994 1981 expediri
1006 1908 1121 1980 potest,
1133 1900 1377 1963 accelerandum

425 2006 474 2060 est
483 2019 493 2073 3
516 1996 602 2080 quod
618 1997 810 2060 consultiore
825 2006 962 2061 tractatu
976 1996 1112 2079 indiget,
1127 1996 1346 2062 differendum.

425 2206 505 2291 Cap.
524 2212 573 2271 la.
604 2207 763 2281 Quomodo
780 2207 950 2291 judicium
973 2208 1083 2273 dedam
1104 2209 1265 2290 ordinari,
1287 2211 1377 2275 etde

466 2308 667 2388 conceptione
687 2311 883 2371 sacramenti
904 2311 1088 2386 calumnie,
1104 2310 1189 2392 quod
1210 2332 1250 2374 en
1270 2330 1376 2373 neces·

466 2414 563 2476 ritate
586 2419 745 2495 prestent
770 2419 858 2476 actor
882 2423 913 2477 et
939 2435 1024 2493 reus,
1050 2422 1081 2478 et
1106 2414 1186 2496 quid
1208 2415 1376 2477 inamineat

408 2570 411 2574 ,
466 2512 525 2586 illi,
542 2515 600 2597 qui
611 2514 840 2593 juramentum
857 2514 965 2577 subire
987 2515 1150 2590 detrectat,
1166 2520 1198 2577 et
1217 2514 1256 2576 de
1269 2533 1376 2577 secra·

467 2624 572 2679 mento
593 2618 831 2693 aduocatorum,
845 2622 878 2679 et
894 2635 991 2699 poene
1011 2618 1292 2693 calumniatorum,
1312 2619 1378 2679 sive

463 2719 765 2799 prevaricantium,
780 2726 842 2781 aut
860 2720 1153 2800 tergiversantium.

469 2846 524 2908 Ur
544 2867 619 2908 raro
638 2866 742 2909 rerum
763 2844 878 2907 veritas
893 2844 988 2907 citius
1008 2845 1185 2921 illucescat,
1203 2844 1378 2925 litigatores

424 2948 523 3029 ipsos,
547 2966 700 3030 personas
729 2946 879 3009 videlicet
907 2945 1114 3029 principales,
1140 2966 1206 3007 non
1232 2954 1307 3009 ante
1336 2944 1378 3007 ad

424 3048 513 3111 litem
530 3047 637 3131 judex
659 3047 814 3125 admittet,
839 3068 934 3129 quam
958 3048 988 3109 ei
1010 3047 1152 3130 praestito
1179 3057 1377 3109 sacramento

425 3148 544 3211 saciant
553 3148 660 3223 fidem,
669 3146 755 3230 quod
760 3146 967 3231 justitiaesuae
977 3147 1174 3224 insistent,et
1183 3145 1377 3209 calumniam

425 3270 551 3313 omnem
581 3249 693 3331 procul
723 3249 850 3313 facient.
902 3250 1003 3311 Actor
1033 3247 1164 3331 quidem
1188 3247 1286 3331 juret,
1311 3267 1376 3308 non

425 3350 641 3416 calumniandi
666 3352 773 3414 animo
797 3350 887 3413 litem
912 3350 1061 3427 movisse,
1083 3348 1141 3411 sed
1164 3346 1376 3411 existimando

152 3438 356 3517 ‘list-sm
425 3454 544 3514 bonam
569 3453 686 3515 habere
717 3472 856 3528 causam,
882 3460 914 3513 et
943 3449 1031 3534 quod
1057 3449 1140 3511 nihil
1165 3450 1199 3511 in
1225 3460 1293 3511 tota
1320 3448 1376 3510 lite

424 3553 521 3615 faciet
542 3554 748 3627 calumniose,
769 3565 805 3614 ut
825 3573 888 3615 nec
910 3551 1068 3635 probatio,
1087 3572 1148 3613 nec
1170 3548 1280 3611 dilatio
1297 3549 1376 3611 frus·

425 3652 554 3715 tratoria
573 3653 730 3733 exigatur,
750 3652 805 3714 sed
828 3650 862 3713 id
885 3652 988 3713 solum
1011 3650 1099 3734 quod
1113 3650 1240 3735 justitia
1256 3648 1377 3712 videtur

426 3752 565 3835 exigere.
609 3753 698 3815 Reus
718 3762 824 3815 autem
837 3750 972 3834 jurabit,
992 3750 1080 3834 quod
1103 3760 1219 3834 putans
1239 3771 1272 3812 se
1292 3750 1379 3811 bona

425 3853 577 3917 instantia
585 3854 643 3931 uti,
652 3852 797 3936 pervenit
806 3852 847 3915 ad
856 3851 1090 3927 reluctandum,
1101 3861 1134 3913 et
1146 3849 1233 3933 quod
1245 3850 1280 3911 in
1289 3850 1378 3911 nullo

426 3956 525 4018 totius
539 3956 605 4018 litis
620 3955 754 4018 articulo
770 3954 966 4017 calumniose
987 3952 1174 4024 versabitur,
1189 3950 1223 4011 id
1239 3951 1343 4011 solum
1358 3970 1378 4011 a

420 4054 544 4138 judice,
558 4056 607 4117 vel
622 4054 800 4117 adversario
813 4055 960 4135 exigens.
973 4052 1058 4136 quod
1072 4072 1128 4135 pro
1144 4050 1275 4112 veritate
1286 4058 1379 4129 putat

426 4175 469 4217 ex
490 4154 680 4216 necessitate
702 4153 836 4237 justitiae
860 4151 1087 4217 exhibendum.
1134 4152 1279 4232 Uterque
1302 4169 1376 4210 vero

420 4254 593 4339 juramenti
608 4254 658 4316 sui
673 4264 817 4317 extrema
839 4255 984 4317 clausula
999 4253 1061 4315 hoc
1085 4252 1327 4334 complectetur,
1344 4260 1379 4312 ut

420 4356 529 4439 jurent
552 4377 585 4420 se
607 4355 688 4418 nihil
711 4354 850 4435 dedisse,
873 4364 927 4418 aut
949 4352 1145 4437 promisisse,
1169 4360 1223 4415 aut
1247 4350 1376 4413 daturos
