3425 5367
340 777 411 824 css.
427 762 505 843 ιιιι.]
689 782 946 832 Ροιιιοιιιιιιοιιιι.
1254 774 1297 832 49

339 930 426 995 tione
451 930 622 1011 stellarum,
648 932 778 1019 situque
803 932 1007 1011 firmamenti,
1032 946 1064 1000 et
1083 934 1292 1021 planetarum

338 1044 439 1109 motu,
454 1055 529 1120 quae
544 1032 606 1098 siut
622 1045 757 1097 ventura
770 1032 957 1119 conjiciunt,
974 1045 1012 1098 ut
1027 1046 1075 1099 est
1089 1033 1190 1100 illud:

440 1140 541 1195 Nostra
552 1139 591 1194 vel
605 1139 698 1210 aquali
710 1141 845 1213 suspendit
857 1146 976 1213 tempora
986 1141 1056 1196 hhra

441 1224 525 1279 Parca
536 1230 618 1278 tenax
629 1226 693 1289 vari,
705 1242 752 1279 seu
762 1231 826 1278 nata
835 1224 960 1281 fidelihus
970 1226 1044 1281 horn

441 1311 544 1365 Dividit
555 1314 583 1365 iu
594 1311 720 1365 Geminos
732 1312 868 1365 concordia
877 1310 949 1366 farm
959 1312 1077 1380 duorum,

439 1396 632 1465 Saturnumque
643 1413 750 1463 gravem
760 1401 848 1449 nostro
859 1394 924 1449 Jove
937 1393 1082 1465 iraugirnus
1092 1417 1156 1465 uua,

441 1482 539 1535 Nescio
551 1481 620 1550 quod
631 1485 702 1533 certe
715 1486 765 1545 eat,
777 1481 846 1551 quod
857 1487 886 1535 te
897 1482 963 1535 mihi
973 1488 1101 1556 temperat
1111 1493 1220 1541 astrum.

336 1570 383 1634 Ac
410 1569 438 1633 si
462 1565 627 1631 stellarum
652 1565 784 1629 choreas
808 1565 1101 1655 applicationesque
1126 1573 1224 1640 unius
1247 1574 1289 1640 ad

335 1668 467 1733 alteram
484 1676 607 1731 constet
624 1666 732 1743 rebus,
747 1690 822 1753 quae
841 1690 882 1732 ex
902 1665 1027 1734 arbitrii
1050 1670 1198 1739 libertate
1217 1698 1291 1762 pro-

337 1769 480 1846 veniunt,
510 1766 671 1855 quandam
709 1768 905 1835 necessitatis
938 1783 1092 1857 prestare
1124 1773 1289 1858 originem,

334 1894 470 1959 quorum
492 1884 525 1936 et
547 1870 748 1955 genethliaci,
763 1871 821 1957 qui
842 1894 985 1959 geneses,
1004 1872 1039 1939 id
1060 1886 1109 1940 eat
1130 1876 1291 1944 natalitias

334 1974 428 2039 horas
441 1970 625 2052 attendunt,
636 1972 804 2039 imitantur
812 1995 963 2039 errorem.
1002 1975 1100 2044 Unde
1110 1977 1288 2065 Satyricus,

437 2080 466 2135 N
467 2086 512 2136 ota
521 2081 714 2137 mathematicis
724 2082 829 2151 genesis
839 2088 896 2137 tua.

334 2168 436 2235 Iidem
451 2190 527 2235 vero
541 2168 707 2257 horoscopi
722 2168 938 2236 nominantur.
981 2169 1079 2238 Unde
1092 2195 1216 2253 rursus,

578 2268 705 2323 Geminos
715 2268 857 2343 hmoscopa
868 2286 939 2325 varo.

439 2354 566 2409 Pruducis
575 2356 663 2424 geuio-

332 2441 446 2529 Viguit
466 2454 574 2509 autem
594 2442 658 2508 ista
680 2444 810 2509 scientia
831 2454 865 2508 et
886 2442 970 2510 forte
991 2467 1059 2510 eam
1083 2446 1286 2535 aliquatenus

330 2542 421 2610 licuit
443 2546 595 2622 exerceri,
616 2542 717 2608 donec
738 2545 846 2609 Deum
868 2556 981 2611 uatum
1002 2546 1168 2613 nunciavit
1191 2552 1287 2617 atella

330 2644 371 2711 da
392 2644 481 2727 caelo,
501 2666 676 2731 magosque
697 2665 762 2709 non
783 2645 938 2729 reprobos
959 2647 1120 2733 primitias
1142 2650 1219 2717 fidei
1243 2652 1286 2716 ad

328 2772 403 2817 eum
424 2748 624 2815 adorandum
646 2768 730 2811 novo
750 2757 783 2810 et
804 2745 952 2813 inaudito
972 2747 1095 2814 ducatu
1119 2750 1285 2835 perduxit.

330 2848 460 2917 Exinde
475 2872 550 2913 vero
564 2846 694 2933 penitus
712 2846 883 2913 interdicta
901 2860 960 2915 eat.
1005 2848 1208 2918 Salimatcrea
1227 2857 1287 2941 qui

330 2975 372 3020 ex
394 2956 477 3019 saltu
500 2949 726 3029 membrorum,
747 2960 804 3015 aut
829 2947 995 3037 inopinato
1016 2954 1158 3038 corporis
1182 2968 1286 3038 motu,

328 3074 515 3143 prosperum
531 3049 654 3137 aliquid
669 3049 815 3115 futurum
836 3063 1018 3134 autumant,
1031 3054 1084 3120 vel
1102 3056 1284 3125 adversum.

331 3153 480 3242 Sortilegi
495 3164 580 3229 sunt,
596 3150 653 3238 qui
668 3150 729 3216 sub
747 3151 874 3216 nomine
888 3151 975 3221 dcta
996 3154 1157 3240 religionis
1171 3180 1285 3246 super·

329 3259 451 3326 stitiosa
465 3256 605 3345 quadam
619 3254 851 3332 observatione,
864 3276 969 3321 rerum
983 3257 1174 3343 pollicentur
1187 3284 1282 3326 even-

330 3374 393 3442 tus,
407 3359 496 3448 quod
518 3380 620 3445 genus
634 3368 734 3422 sortes
747 3356 976 3443 Apostolorum
991 3368 1025 3423 et
1042 3360 1283 3446 prophetarum,

329 3476 361 3533 et
375 3460 601 3537 dividentium,
617 3470 649 3525 et
663 3457 818 3545 inspectio
832 3456 966 3538 tabulae,
979 3482 1055 3547 quae
1069 3460 1285 3549 Pythagorica

329 3563 520 3653 appellatur,
536 3560 717 3627 observatio
738 3582 868 3647 quoque
887 3560 1046 3649 cujusque
1065 3584 1160 3629 casus
1177 3564 1212 3628 in
1233 3567 1281 3632 rei

326 3667 367 3733 de
396 3689 463 3755 qua
491 3664 660 3752 quaeritur,
690 3661 931 3749 significatione.
987 3664 1170 3752 Augurium
1203 3690 1281 3734 vero

327 3764 415 3855 quod
436 3764 539 3830 estin
561 3762 669 3827 avium
694 3760 928 3839 observatione,
951 3762 1099 3850 Phryges
1122 3764 1281 3833 invenisse

327 3867 512 3944 traduntur,
534 3864 624 3953 quod
645 3864 679 3929 iu
701 3885 777 3927 voce
799 3862 941 3929 traditur
966 3876 1023 3930 aut
1049 3864 1172 3933 volatu.
1214 3871 1278 3936 Est

324 3982 429 4037 autem
459 3965 634 4033 secundum
669 3962 871 4031 traditionem
905 3986 1028 4047 eorum,
1055 3968 1183 4033 volatus
1209 3980 1277 4035 tam

325 4070 447 4137 alarum
462 4090 559 4157 quam
574 4066 711 4157 pedum:
735 4065 808 4131 vola
822 4064 980 4152 siquidem
996 4078 1044 4132 est
1058 4088 1133 4155 pars
1146 4067 1278 4137 interior

323 4172 438 4259 palma
460 4170 513 4237 vel
536 4169 638 4259 pedis.
683 4167 781 4235 Unde
803 4167 892 4256 apud
918 4172 1085 4235 Maronem
1111 4170 1146 4235 in
1170 4186 1276 4251 sexto,

323 4270 477 4337 Volantes
504 4294 564 4357 pro
591 4269 812 4357 gradientibus
845 4268 1003 4338 columba·
1037 4270 1277 4339 describuntur.

326 4375 401 4441 Hoc
423 4374 540 4439 etenim
566 4372 608 4439 ad
632 4371 768 4439 hominis
790 4373 932 4458 pertinet
953 4370 1152 4449 felicitatem,
1174 4373 1200 4437 si
1223 4394 1278 4437 cc·

370 4494 444 4541 von.
461 4496 511 4543 ιιι.
801 4492 820 4538 s
