3425 5367
296 717 466 796 cauma]
638 730 891 779 mercatrices.
1184 712 1244 771 881

299 888 468 965 nocentiae,
490 897 523 951 ct
540 884 645 949 inanis
661 882 808 969 justitias,
830 880 1050 946 testimonium
1071 877 1248 963 perhibere,

299 988 453 1071 populum
478 986 634 1067 religione
657 982 832 1066 juramenti
857 981 901 1045 ad
924 982 1153 1064 professionem
1185 980 1250 1043 veri

299 1101 404 1152 tamen
420 1087 608 1153 arctandum
618 1084 754 1160 censuit,
765 1082 892 1147 dicens:
916 1083 1023 1147 Testis
1032 1093 1082 1147 est
1092 1081 1250 1145 Dominus

300 1190 451 1253 adversus
465 1210 532 1266 vos,
547 1199 579 1251 et
598 1187 686 1251 testis
708 1185 854 1249 Christus
876 1182 945 1268 ejus
964 1185 997 1247 in
1020 1184 1071 1247 die
1089 1184 1160 1261 hac,
1175 1181 1251 1264 quis

300 1312 366 1354 uon
390 1288 575 1353 inveneritis
600 1289 634 1351 in
661 1307 757 1350 manu
783 1306 856 1349 mea
876 1286 1051 1369 quippiam.
1095 1286 1141 1347 Et
1166 1282 1252 1347 dixit

300 1393 460 1475 populus:
498 1389 613 1453 Testis.
668 1389 716 1451 Ac
747 1388 776 1450 si
808 1386 906 1450 iidem
937 1388 1009 1449 Deo
1039 1396 1071 1449 et
1099 1385 1166 1466 regi
1191 1404 1251 1449 suo

302 1489 455 1568 debitam,
490 1488 646 1568 religiose
683 1485 903 1550 affirmationis
940 1484 1086 1549 obsidem
1121 1484 1250 1547 faciant.

302 1588 398 1660 Quod
413 1598 518 1651 autern
533 1587 732 1649 esculentum
752 1595 786 1647 et
805 1587 1013 1669 poculentum
1027 1583 1197 1667 acceperit,
1212 1582 1252 1646 de

302 1689 457 1772 scriptura
472 1698 594 1752 certum
609 1708 674 1751 non
689 1689 802 1751 habeo.
842 1687 898 1751 Sic
913 1687 997 1750 euim
1016 1686 1166 1768 scripturn
1183 1693 1250 1747 est:

301 1790 323 1852 J
325 1788 478 1853 udicabat
494 1808 622 1873 quoque
638 1788 767 1851 Samuel
789 1789 891 1851 Israel
906 1786 1032 1849 cunctis
1053 1782 1252 1849 diebusvitae

303 1910 381 1967 suae,
401 1901 434 1953 et
456 1890 523 1952 ibat
545 1908 603 1970 per
623 1888 769 1969 singulos
788 1908 892 1950 annos
914 1885 1107 1949 circumiens
1127 1881 1254 1958 Bethel,

303 1999 337 2051 et
371 1990 518 2071 Galgala,
559 1998 593 2051 et
628 1990 792 2071 Masphat,
830 1998 864 2051 et
893 1987 1064 2071 judicabat
1100 1984 1253 2049 lsraelem

303 2090 337 2153 in
366 2089 559 2173 supradictis
587 2089 678 2166 locis,
706 2090 983 2171 revertebaturque
1019 2088 1052 2149 in
1084 2083 1252 2149 Ramatha.

304 2190 356 2253 lbi
380 2192 464 2253 euim
488 2200 555 2254 erat
579 2190 695 2253 domus
724 2189 803 2271 ejus,
827 2200 860 2251 et
882 2188 927 2253 ibi
945 2188 1116 2272 judicabat
1144 2188 1253 2251 Israel.

304 2292 391 2365 Quid
406 2292 496 2357 aliud
509 2292 633 2357 videtur
647 2313 758 2355 sonare
772 2292 876 2370 litera,
887 2292 948 2355 nisi
961 2292 1048 2375 quod
1058 2291 1255 2375 provinciam

304 2415 347 2457 ex
363 2392 469 2457 officio
485 2392 651 2470 circuibat,
665 2392 707 2455 ad
727 2393 945 2475 expletionem
962 2392 1092 2476 judicii,
1108 2402 1140 2457 et
1154 2411 1256 2455 rever-

305 2493 430 2555 tebatur
445 2490 586 2569 domurn,
598 2502 634 2556 ut
645 2491 686 2555 de
700 2492 832 2576 proprio
847 2493 1045 2557 satisfaceret
1055 2488 1253 2558 necessitati?

304 2590 490 2655 AEdificavit
505 2591 600 2655 etiam
620 2593 665 2655 ibi
681 2593 780 2655 altare
794 2591 947 2655 Domino.
991 2593 1093 2657 Recte
1112 2592 1257 2675 quidem,

305 2712 344 2753 eo
366 2691 454 2775 quod
467 2690 548 2775 juge
567 2690 761 2755 sacrificium
780 2712 851 2755 csse
871 2702 1016 2774 oporteat
1034 2693 1068 2755 in
1089 2692 1185 2757 domo
1204 2694 1257 2779 ju-

307 2790 399 2869 dicis,
415 2813 487 2875 quae
501 2792 592 2856 cultu
597 2792 744 2877 justitiae,
759 2802 791 2854 et
806 2813 929 2855 morum
943 2792 1122 2871 honestate,
1136 2804 1170 2859 et
1183 2796 1257 2861 luce

305 2891 463 2954 bouorum
492 2913 635 2976 operum,
665 2893 804 2975 seipsam
835 2892 968 2959 exhibet
996 2897 1151 2978 templum
1181 2896 1256 2961 Dei.

308 2991 375 3055 Ubi
397 2992 513 3056 amodo
534 3014 600 3057 nou
622 2994 802 3057 immolatur
822 2994 953 3076 sanguis
975 2995 1134 3060 hircorum
1157 3007 1189 3061 et
1212 2998 1257 3061 vi·

306 3091 454 3169 talorum,
477 3112 537 3155 uec
565 3092 648 3155 cinis
674 3092 780 3157 vitulae
803 3093 987 3175 inquinatos
1012 3095 1192 3161 sanctificat
1216 3097 1259 3163 ad

306 3190 565 3255 emundationem
589 3192 704 3269 carnis,
724 3191 783 3257 sed
806 3213 864 3275 per
887 3194 1072 3276 pontificem
1095 3217 1257 3279 magnum,

307 3291 363 3375 qui
384 3293 560 3374 penetravit
582 3295 693 3369 coelos,
715 3294 827 3359 Jesnm
849 3292 951 3359 filium
975 3296 1050 3373 Dei,
1071 3298 1190 3381 ubique
1210 3300 1258 3363 lo·

307 3413 417 3455 corum
432 3393 537 3457 offerri
552 3392 650 3459 debet

411 3504 593 3579 compositum
598 3509 645 3581 jus
654 3505 748 3577 iusque
758 3508 848 3574 animi,
859 3509 992 3579 sanctique
1002 3526 1120 3565 recessu

413 3590 524 3658 Mentis,
536 3598 564 3645 ct
574 3593 702 3647 incoctum
712 3609 839 3662 generem
850 3598 940 3665 peetus
950 3592 1069 3649 honesto.

308 3700 385 3765 Veri
399 3701 558 3785 siquidem
574 3704 767 3785 adoratores,
781 3707 828 3771 sic
843 3706 977 3773 adorant
996 3718 1119 3792 patrem
1133 3710 1168 3775 in
1194 3715 1260 3799 spi·

308 3802 371 3865 ritu
384 3812 418 3867 et
432 3804 570 3869 veritate.
616 3806 709 3871 Anne
723 3806 828 3871 credis
852 3828 926 3871 eum
947 3809 1113 3891 accepisse
1138 3814 1260 3896 aliquid

308 3900 439 3967 nomine
454 3902 689 3985 sportularum?
733 3904 810 3967 Hoc
826 3903 914 3967 enirn
929 3914 1088 3987 pretextu
1113 3929 1179 3971 non
1193 3920 1261 3975 tam

302 3998 431 4083 jndices
456 4020 551 4085 quam
578 4000 775 4086 judiciorum
800 4020 974 4084 caupones,
999 4003 1054 4087 qui
1085 4008 1262 4091 nequitiam

308 4120 399 4163 suam
425 4101 564 4167 honesta
593 4103 706 4167 volunt
732 4102 866 4185 palliare
894 4102 1033 4184 licentia,
1062 4106 1262 4193 iniquitatem

308 4219 399 4261 suam
424 4200 565 4265 colorare
598 4200 754 4279 nituntur,
786 4212 966 4282 quaerentes
999 4201 1122 4271 scilicet
1152 4210 1262 4295 aliqua

309 4299 526 4363 emolumenta
548 4302 760 4383 negotiorum,
794 4321 929 4385 quorum
954 4324 1013 4386 pro
1046 4316 1137 4389 parte
1165 4330 1262 4378 onera
