3425 5367
434 692 497 752 216
701 703 1128 752 rosunrssanraanarnus1s
1239 690 1323 764 [mn.
1342 708 1392 752 ιιι·

438 855 494 920 bat
510 854 610 932 virile,
625 855 687 920 nisi
710 879 825 920 nomen
849 854 985 941 imperii.
1029 855 1078 918 Ut
1102 867 1207 919 tamen
1232 855 1391 940 ignaviam

440 955 564 1032 mentis,
575 969 608 1022 et
619 958 766 1022 inertiam
777 958 931 1043 corporis,
943 957 1003 1022 sub
1018 969 1177 1042 praetextu
1194 958 1392 1044 principatus

438 1057 609 1136 occuleret,
630 1058 776 1144 quotidie
802 1059 864 1122 sibi
889 1069 1045 1122 secretum
1073 1057 1224 1121 horarum
1250 1045 1391 1144 spaciuni

439 1158 641 1236 vendicabat,
663 1181 721 1224 nec
746 1159 919 1245 quicquam
946 1157 1106 1223 interdum
1131 1158 1236 1223 facere
1260 1182 1391 1223 consue·

439 1271 539 1338 verat,
553 1257 614 1321 nisi
628 1270 756 1342 captare
774 1281 911 1332 muscas,
927 1270 960 1321 et
983 1256 1108 1321 easdem
1134 1256 1207 1322 stilo
1231 1271 1394 1343 praeacuto

439 1360 619 1446 configere;
647 1373 684 1425 ut
697 1359 825 1424 cuidam
840 1357 1061 1440 interroganti,
1078 1360 1191 1444 nequis
1210 1359 1297 1424 intus
1311 1375 1391 1424 esset

438 1485 513 1526 cum
524 1464 663 1538 Caesare,
672 1483 734 1524 non
746 1461 885 1524 absurde
896 1460 956 1524 sibi
969 1482 1154 1545 responsum
1163 1462 1203 1524 sit
1213 1484 1233 1524 a
1243 1462 1390 1526 Metello:

440 1565 508 1627 Nec
523 1587 632 1629 musca
648 1562 790 1649 quidem.
835 1561 930 1639 Quod
953 1562 1027 1627 licet
1049 1562 1235 1649 impiissimo
1257 1566 1393 1651 principi

438 1665 626 1743 innotuerit,
652 1664 851 1730 dissimulare
878 1664 1003 1742 maluit,
1029 1687 1127 1750 quam
1158 1666 1281 1751 punire.
1330 1669 1394 1732 Sed

441 1792 498 1832 cur
506 1767 670 1854 patientiae
681 1766 828 1852 exempla
838 1789 994 1853 propono,
1004 1789 1102 1852 quum
1115 1768 1263 1833 omnibus
1275 1769 1395 1856 liqueat

440 1870 520 1934 nihil
544 1870 674 1934 firmum
699 1892 766 1932 esse
791 1882 824 1932 et
850 1869 976 1949 stabile,
996 1869 1083 1956 quod
1107 1869 1170 1933 levi
1196 1869 1292 1936 flatus
1317 1896 1396 1937 aura

439 1972 644 2036 concutitur?
675 1970 755 2047 Quis
771 1969 874 2032 virum
896 1969 1011 2034 fortem
1034 1970 1155 2047 credat,
1170 1992 1265 2056 quem
1283 1975 1396 2039 verbo-

439 2096 512 2137 rum
527 2084 633 2135 movet
648 2069 815 2154 impulsus,
829 2084 862 2134 et
879 2071 909 2134 ei
931 2073 1071 2156 quietem
1094 2073 1228 2155 excutit,
1244 2088 1277 2138 et
1293 2078 1393 2140 virtu-

439 2187 507 2237 tum
524 2195 676 2258 compage
691 2170 946 2256 dirupta2ipsius
960 2172 1074 2239 animae
1086 2177 1272 2258 sanguinem
1284 2177 1392 2241 elicit?

441 2273 538 2338 Unde
563 2287 596 2338 et
620 2271 748 2358 publico
768 2271 844 2357 jure
870 2283 1024 2336 statutum
1050 2289 1110 2352 est,
1136 2296 1177 2338 ne
1203 2299 1262 2361 pro
1289 2279 1393 2344 verbis

438 2376 570 2450 frivolis,
585 2375 755 2460 quisquam
771 2373 938 2438 severitate
954 2396 1119 2460 poenarum
1136 2376 1290 2442 inuratur.
1333 2381 1392 2444 Ait

438 2478 523 2540 enim
557 2481 748 2562 Imperator,
777 2475 938 2540 Diuorum
976 2476 1160 2556 Theodosii,
1189 2479 1332 2559 Arcadii,
1360 2494 1393 2544 et

440 2577 576 2642 Honorii
588 2589 709 2641 statuta
720 2576 909 2643 confirmans
920 2557 985 2640 :⁰Si
999 2579 1072 2664 quis
1084 2578 1247 2644 modestiae
1259 2581 1394 2661 nescius,

439 2696 471 2746 et
494 2679 627 2766 pudoris
649 2679 790 2763 ignarus,
805 2679 952 2764 improbo
975 2681 1198 2766 petulantique
1216 2681 1395 2762 maledicto,

438 2783 568 2846 nomina
592 2795 701 2845 nostra
726 2780 897 2846 crediderit
928 2781 1117 2864 lacessenda,
1142 2806 1179 2846 ac
1208 2783 1394 2851 temulentia

440 2884 646 2951 turbulentus
658 2885 854 2948 obtrectator
870 2896 1049 2969 temporum
1070 2885 1179 2962 fuerit,
1194 2909 1268 2949 eum
1291 2909 1395 2972 poenae

439 2986 587 3050 nolumus
621 2984 798 3070 subjugari,
833 3007 937 3070 neque
973 2986 1092 3050 durum
1127 2987 1261 3074 aliquid,
1291 3011 1394 3074 neque

269 3083 277 3102 “
309 3082 317 3103 ’
352 3094 358 3112 ’
439 3108 585 3170 asperum
603 3085 777 3149 sustinere:
808 3087 960 3170 quoniam
976 3088 1002 3151 si
1018 3110 1057 3151 ex
1080 3087 1208 3154 levitate
1231 3091 1392 3176 processit,

439 3186 706 3252 contemnendum
722 3199 789 3261 est3
813 3188 840 3251 si
855 3189 896 3252 ab
911 3189 1043 3284 insania,
1060 3191 1259 3256 miseratione
1274 3191 1393 3275 dignis-

439 3289 565 3366 simum,
589 3288 617 3351 si
639 3310 680 3353 ex
701 3288 830 3372 injuria,
853 3288 1092 3356 remittendum.
1138 3291 1234 3356 Unde
1257 3291 1390 3375 integris

440 3390 589 3454 omnibus
612 3391 673 3453 hoc
694 3389 734 3453 ad
758 3403 898 3453 nostram
921 3389 1084 3455 scientiam
1106 3393 1268 3468 referatur,
1292 3403 1329 3456 ut
1352 3415 1392 3455 ex

441 3490 584 3575 personis
599 3488 764 3552 hominum
779 3488 865 3554 dicta
887 3511 1065 3574 pensemus,
1081 3503 1111 3554 et
1133 3504 1241 3554 utrum
1265 3503 1394 3576 praeter-

441 3592 538 3666 mitti,
564 3611 604 3651 an
634 3592 762 3674 exquiri
791 3589 928 3654 debeant
955 3593 1174 3655 censeamrrs.⁰
1192 3594 1247 3656 Ex
1274 3592 1392 3678 quibus

441 3689 613 3771 wlligitur,
629 3689 724 3753 dictis
739 3690 904 3754 hominum
927 3713 990 3753 non
1013 3696 1135 3758 moveri
1158 3717 1244 3775 eum,
1260 3695 1315 3780 qui
1338 3708 1394 3759 aut

442 3793 572 3856 virtutis
601 3803 723 3855 amator
753 3804 812 3870 est,
837 3805 894 3856 aut
920 3793 1005 3876 juris
1031 3794 1247 3860 constitutioni
1274 3796 1395 3858 obtem-

443 3916 567 3979 perans.

548 4012 635 4063 Omne
647 4009 719 4062 vafer
731 4012 820 4062 vitium
832 4012 932 4065 ridendi
945 4012 1057 4066 Flaccus
1068 4014 1151 4065 amico

546 4095 656 4162 Tangit,
668 4100 695 4146 et
706 4095 834 4148 admissus
845 4099 940 4151 circum
952 4099 1092 4170 praecordia
1104 4097 1176 4150 ludit

443 4198 610 4264 Familiare
636 4198 793 4283 siquidem
826 4203 961 4286 sapienti
992 4216 1049 4281 est,
1078 4217 1113 4266 ut
1145 4224 1261 4287 magno
1291 4202 1394 4288 placet

441 4301 638 4387 Augustino,
654 4300 761 4384 potius
781 4327 798 4368 a
822 4304 967 4390 quolibet
991 4304 1195 4391 reprehendi,
1211 4327 1308 4389 quam
1332 4305 1397 4370 sive
