3425 5367
334 722 468 800 cina]
693 738 950 785 eonrcnsrrons.
1218 725 1285 787 303

333 900 544 974 extorqueant
574 889 787 976 impudenter.
844 888 953 955 Pudor
986 900 1093 955 autem
1123 890 1283 977 abjicitur,

332 989 426 1054 simul
442 1014 478 1055 ac
492 992 534 1056 ad
549 992 729 1059 exactiones
749 1006 877 1058 ventum
893 1005 951 1057 est.
998 992 1149 1072 Verbum,
1164 993 1282 1081 iuquit,

336 1092 548 1157 verecundum
578 1093 714 1181 supplici
743 1116 781 1158 ac
810 1094 967 1159 submissa
997 1114 1072 1157 voce
1100 1094 1283 1176 dicendum,

333 1192 439 1278 Rogo,
450 1217 508 1259 nec
522 1197 623 1281 gratis
634 1196 721 1274 tulit,
731 1197 789 1282 qui
801 1218 901 1281 quum
917 1208 1044 1280 rogaret
1055 1196 1187 1281 accepit.
1227 1198 1284 1262 Bis

332 1295 416 1359 enim
436 1297 523 1374 emit,
539 1301 596 1384 qui
617 1310 719 1383 rogat.
757 1296 812 1361 Ad
833 1298 879 1361 rei
899 1319 1035 1383 namque
1055 1297 1104 1361 vel
1125 1296 1192 1385 spei
1211 1322 1282 1385 pre-

335 1396 428 1478 tium,
455 1400 678 1465 verecundiam
709 1399 864 1465 vendidit.
921 1400 1044 1464 Munus
1079 1422 1154 1465 vero
1182 1402 1282 1487 justae

332 1500 584 1583 reprehensionis
603 1522 667 1565 non
691 1500 788 1565 habet
809 1514 931 1577 notam,
946 1499 1034 1586 quod
1058 1500 1186 1565 devotio
1204 1502 1283 1567 libc-

332 1600 468 1666 ralitatis
488 1603 618 1679 obtulit,
634 1625 696 1667 non
711 1602 899 1689 improbitas
920 1601 1119 1687 deprecantis
1139 1604 1283 1669 extorsit.

336 1705 389 1767 lta
411 1716 516 1769 tamen
533 1718 570 1770 ut
585 1706 770 1792 iniquorum
786 1727 917 1769 munera
932 1726 994 1768 non
1011 1716 1167 1791 acceptet,
1182 1726 1282 1790 quum

333 1803 448 1888 ingrati
473 1805 608 1869 bominis
630 1808 682 1881 sit,
705 1806 789 1870 votis
808 1827 872 1869 non
900 1806 1003 1869 lovere
1029 1804 1228 1885 beneficium,
1250 1819 1282 1872 et

333 1904 468 1989 impium
491 1929 548 1993 pro
570 1908 756 1973 muneribus
773 1906 963 1992 justificare,
979 1906 1104 1970 dicente
1131 1906 1281 1985 Domino,

333 2008 373 2069 sit
387 2006 543 2094 iniquum.
583 2012 707 2094 Utique
721 2007 908 2073 beneficium
928 2007 1070 2094 accipere
1084 2017 1132 2071 est
1146 2007 1282 2072 vendere

332 2108 523 2187 libertatem,
544 2124 577 2176 et
600 2111 755 2175 dedecens
781 2123 829 2175 est
854 2131 962 2175 servos
986 2131 1055 2173 esse
1081 2110 1137 2195 qui
1163 2109 1280 2175 debent

329 2210 399 2275 aliis
413 2212 579 2298 imperare.
618 2214 845 2278 Verumtamen
867 2224 899 2276 et
919 2234 1023 2277 causae
1038 2210 1120 2276 ratio
1134 2210 1281 2276 habenda

331 2325 379 2376 est
393 2326 426 2377 et
440 2336 595 2398 personas,
607 2326 644 2377 ut
658 2336 716 2377 nec
730 2336 748 2377 a
764 2315 864 2398 turpi,
876 2334 933 2375 uec
945 2313 1082 2397 turpiter
1096 2312 1282 2398 accipiatur,

331 2414 420 2499 quod
445 2436 485 2478 ex
511 2413 592 2493 loco,
616 2426 650 2479 et
676 2427 828 2500 tempore,
855 2426 888 2477 et
915 2414 1009 2477 modo
1035 2412 1130 2477 latius
1154 2426 1281 2499 oportet

331 2515 458 2601 inquiri.
518 2516 602 2579 Nam
637 2516 827 2601 plerumque
856 2537 876 2577 a
905 2536 1012 2590 manu,
1042 2512 1232 2599 plerumque
1261 2536 1281 2578 a

331 2638 437 2692 causa,
448 2639 468 2680 a
480 2629 622 2703 tempore
633 2616 807 2696 interdum,
817 2615 978 2681 interdum
990 2638 1010 2678 a
1021 2614 1101 2690 loco,
1114 2614 1164 2678 vel
1174 2615 1280 2691 modo,

332 2715 499 2802 splendent
527 2739 658 2781 munera
687 2717 737 2781 vel
767 2716 962 2781 sordescunt.
1017 2717 1066 2780 At
1094 2716 1281 2801 improbitas

332 2819 498 2886 curialium
513 2843 552 2884 eo
567 2842 670 2906 usque
685 2819 836 2897 innotuit,
851 2833 888 2884 ut
904 2819 944 2883 de
966 2817 1147 2883 testimonio
1161 2818 1279 2883 consci-

330 2922 437 2999 entia,
457 2921 498 2986 de
520 2935 685 2987 venustate
708 2944 843 2998 morum,
865 2921 905 2986 de
927 2920 1024 2984 odore
1047 2919 1215 3005 opinionis,
1238 2921 1278 3005 de

330 3026 509 3091 sinceritate
526 3047 640 3101 causa,
657 3024 698 3087 de
719 3036 859 3089 torrente
878 3022 1081 3109 eloquentiae,
1096 3021 1155 3085 nisi
1175 3022 1278 3109 pretio

329 3126 571 3205 interveniente,
584 3125 656 3212 quis
671 3125 791 3189 frustra
806 3122 955 3189 confidat.

434 3239 497 3311 lpse
507 3239 569 3291 licat
579 3240 667 3291 venias
680 3238 765 3290 illusis
777 3238 928 3301 comitatus,
943 3235 1068 3299 floruere,
1181 3280 1187 3293 ,

539 3326 569 3377 Si
580 3323 645 3377 nihil
656 3323 784 3387 attuleris,
795 3324 846 3375 ibis
860 3322 975 3375 Homere
987 3319 1065 3373 foras.

330 3429 402 3492 Non
432 3427 528 3493 modo
553 3427 658 3490 leones
682 3438 715 3491 et
740 3424 884 3509 tigrides,
911 3422 1101 3507 eloquentior
1126 3420 1278 3485 beneflcio

329 3530 442 3595 lenisse
464 3530 571 3595 dictus
594 3542 643 3593 est
669 3527 828 3615 Orpbeus,
849 3526 902 3591 sed
929 3525 1015 3611 apud
1038 3524 1143 3611 ipsum
1168 3522 1276 3587 Ditem

330 3654 392 3696 vox
412 3632 539 3697 dulcior
557 3632 729 3719 peroravit,
748 3651 922 3715 canemque
942 3628 1112 3715 tricipitem
1134 3628 1278 3691 exoravit

329 3756 427 3799 causa
451 3734 668 3812 favorabilior,
695 3747 731 3797 ut
760 3732 928 3797 admissam
956 3730 1051 3794 semel
1082 3728 1275 3814 Eurydicem

327 3850 438 3901 contra
461 3858 579 3899 morem
603 3836 776 3898 inferorum
801 3833 908 3897 liceret
935 3832 1078 3896 educere.
1123 3834 1174 3894 Tu
1202 3852 1277 3893 vero

326 3937 398 4001 licet
420 3937 570 4024 Orpbeus
600 3937 654 4013 sis,
674 3948 730 3999 aut
755 3934 869 4008 Arion,
892 3933 940 3997 vel
964 3932 1018 3995 ille
1039 3930 1095 4017 qui
1119 3930 1185 3995 solo
1215 3944 1276 3995 tes-

326 4037 447 4101 tudinis
469 4061 558 4113 sono,
580 4058 668 4115 saxa,
691 4048 727 4099 ut
749 4034 879 4108 dicitur,
902 4030 1067 4108 emollivit,
1087 4030 1166 4095 nibil
1188 4031 1275 4118 apud

324 4138 461 4205 curiales
474 4140 600 4219 efficies,
615 4138 673 4203 nisi
694 4136 843 4222 plumbea
865 4158 975 4200 eorum
995 4134 1092 4199 corda
1106 4156 1203 4199 aureo
1225 4134 1275 4197 rel

322 4252 475 4327 argenteo
489 4239 604 4305 malleo
619 4238 769 4303 vanitatis
785 4236 834 4300 vel
849 4236 1034 4322 cupiditatis
1049 4236 1165 4301 incude
1180 4235 1276 4300 emol-

324 4344 390 4409 lias.
437 4342 678 4407 inclementiam
701 4339 832 4407 Cerberi
850 4360 959 4402 onmes
980 4338 1162 4403 abhorrent.
1201 4339 1274 4421 Ego
