3425 5367
366 145 500 172 ν-ν-*Ἲ

361 170 522 458 Ι

343 730 413 775 car.
428 711 490 786 m]
687 725 943 771 muscaasrcus.
1232 711 1295 770 239

343 882 414 944 dem
432 880 504 944 Diis
524 878 626 942 habeo
643 877 791 962 gratiam,
806 898 869 938 non
885 873 1019 961 proinde
1034 874 1111 960 quia
1126 888 1293 952 natusest,

342 1004 440 1068 quam
463 1003 523 1066 pro
551 1004 589 1044 eo
619 978 706 1065 quod
728 1001 802 1042 eum
823 977 909 1040 nasci
937 974 1071 1060 contigit
1100 975 1296 1060 temporibus

342 1082 418 1146 vitae
444 1095 519 1146 tuse.
566 1081 666 1166 Spero
694 1078 812 1143 etenim
836 1077 916 1151 fore,
945 1089 981 1140 ut
1009 1075 1165 1140 educatus
1190 1075 1297 1138 erudi-

344 1196 460 1267 tusque
475 1205 495 1246 a
510 1195 553 1259 te,
566 1180 684 1264 dignus
698 1180 814 1242 existat
830 1191 863 1242 et
878 1177 982 1254 nobis,
993 1189 1025 1242 et
1041 1199 1147 1241 rerum
1162 1176 1296 1240 istarum
1371 1171 1381 1188 ⁸

345 1285 557 1370 susceptione.
602 1287 764 1348 Romanos
786 1284 999 1364 Imperatores
1014 1292 1069 1344 aut
1086 1282 1204 1355 Duces,
1220 1279 1296 1344 dum

346 1405 457 1448 eorum
479 1382 659 1469 respublica
680 1380 792 1464 viguit,
807 1379 975 1443 illiteratos
989 1379 1132 1443 extitisse
1148 1401 1210 1442 non
1235 1400 1300 1442 me-

345 1485 434 1550 mini.
479 1486 525 1548 Et
540 1483 645 1548 nescio
668 1480 828 1567 quomodo
848 1479 995 1562 contigit,
1010 1479 1096 1564 quod
1119 1502 1159 1542 ex
1176 1502 1242 1565 quo
1265 1482 1297 1544 in

345 1587 545 1673 principibus
564 1587 668 1650 virtus
687 1583 813 1668 languit
833 1581 1009 1660 literarum,
1022 1595 1153 1646 armata
1170 1603 1299 1668 quoque

346 1687 470 1752 militias
498 1687 659 1750 infirmata
687 1697 734 1748 est
765 1705 888 1762 manus,
914 1696 946 1746 et
971 1681 1073 1768 ipsius
1101 1682 1300 1768 principatus

346 1789 438 1874 quasi
452 1788 583 1874 prsecisa
594 1786 696 1850 radix.
730 1789 799 1850 Nec
810 1784 1045 1870 mirum,quum
1058 1782 1124 1847 sine
1136 1785 1302 1870 sapientia,

348 1890 459 1954 nullus
480 1904 575 1968 stare,
595 1900 653 1952 aut
675 1909 742 1951 esse
763 1886 868 1950 valeat
889 1886 1096 1972 principatus.
1142 1887 1224 1965 Quia
1251 1911 1302 1952 sa-

349 1992 468 2078 pientis
484 1992 545 2055 Dei
562 1991 657 2067 dixit,
674 1990 749 2056 Sine
765 2012 815 2052 me
835 1988 913 2052 nihil
936 1988 1069 2074 potestis
1084 1989 1198 2052 facere.
1228 1991 1301 2079 ῥο-

346 2108 450 2160 crates
469 2092 627 2180 Apollinis
640 2092 769 2156 oraculo
787 2091 1039 2177 sapientissimus
1055 2091 1221 2176 judicatus
1242 2105 1299 2172 est,

347 2196 452 2284 etqui
468 2195 535 2260 sine
552 2195 801 2260 contradictione
820 2205 941 2279 septem
960 2191 1043 2270 illos,
1059 2193 1115 2278 qui
1132 2191 1211 2257 dicti
1227 2207 1300 2257 suut

348 2299 515 2385 sapientes,
529 2295 821 2382 incomparabiliter
832 2294 1009 2370 antecessit,
1026 2316 1089 2358 non
1104 2294 1136 2357 in
1152 2295 1301 2380 opinione

349 2401 522 2488 sapientia,
542 2400 596 2464 sed
614 2403 746 2476 virtute,
767 2411 845 2462 tunc
867 2397 996 2460 demum
1017 2396 1212 2482 respublicas
1232 2399 1300 2460 fore

349 2503 458 2567 beatas
481 2501 628 2578 asseruit,
651 2501 677 2564 si
699 2523 752 2562 eas
774 2497 955 2584 philosophi
979 2509 1135 2582 regerent,
1156 2512 1211 2562 aut
1236 2521 1302 2563 rec-

349 2615 433 2666 tores
447 2623 557 2664 earum
573 2600 702 2664 studere
717 2598 882 2683 sapientise
896 2598 1091 2684 contigisset.
1137 2599 1182 2663 Et
1198 2601 1224 2664 si
1239 2598 1298 2664 tibi

350 2706 491 2769 Socratis
515 2701 641 2766 videtur
667 2699 898 2765 contemnenda
923 2699 1114 2763 auctoritas:
1153 2703 1215 2764 Per
1241 2723 1302 2780 me,

348 2805 456 2891 inquit
478 2804 643 2889 sapientia,
663 2825 755 2887 reges
774 2814 919 2885 regnant,
940 2813 972 2865 et
995 2801 1174 2866 conditores
1194 2802 1301 2889 legum

345 2907 436 2992 justa
450 2906 635 2970 decernunt.
679 2908 741 2969 Per
763 2927 813 2969 me
835 2903 995 2989 principes
1015 2905 1184 2990 imperant,
1200 2919 1230 2968 et
1247 2927 1303 2988 po-

351 3022 453 3073 tentes
464 3009 638 3072 decernunt
649 3007 820 3094 justitiam.
859 3007 932 3090 Ego
947 3005 1115 3090 diligentes
1127 3029 1176 3071 me
1191 3007 1302 3092 diligo,

350 3123 382 3174 et
398 3110 456 3196 qui
471 3132 562 3173 mane
585 3109 786 3193 vigilaverint
805 3107 846 3172 ad
867 3130 928 3187 me,
943 3105 1103 3172 invenient
1125 3131 1184 3174 me.
1231 3111 1302 3174 Me·

350 3235 423 3278 cum
447 3225 522 3278 sunt
536 3211 659 3276 divitia
673 3224 706 3276 et
729 3211 843 3296 gloria,
857 3231 937 3296 opes
953 3210 1099 3296 superbae
1114 3223 1146 3275 et
1164 3212 1302 3296 justitia.

353 3314 471 3378 Melior
496 3327 544 3378 est
574 3313 701 3376 fructus
726 3334 815 3376 meus
841 3333 932 3387 auro,
959 3325 991 3376 et
1018 3311 1123 3396 lapide
1153 3313 1302 3398 pretioso,

350 3416 512 3502 genimina
533 3438 603 3480 mea
625 3426 759 3500 argento
780 3413 892 3478 electo.
939 3412 976 3476 ln
1001 3413 1060 3478 viis
1079 3413 1216 3499 justitiae
1238 3439 1304 3480 am-

352 3519 439 3594 bulo,
454 3522 486 3583 in
502 3517 607 3582 medio
623 3517 806 3582 semitarum
823 3514 953 3602 judicii,
971 3529 1007 3580 ut
1022 3515 1120 3580 ditem
1136 3516 1305 3602 diligentes

353 3644 414 3696 me,
430 3636 462 3686 et
477 3621 643 3686 thesauros
661 3641 772 3683 eorum
792 3617 941 3704 repleam.
988 3619 1091 3684 Item:
1130 3623 1240 3686 Meum
1256 3634 1303 3685 est

354 3722 519 3786 consilium
547 3737 581 3786 et
607 3723 755 3806 oequitas,
780 3743 851 3784 mea
877 3733 925 3784 est
951 3721 1133 3806 prudentia,
1161 3745 1231 3788 mea
1256 3737 1304 3788 est

354 3824 525 3890 fortitudo.
562 3827 607 3890 Et
623 3824 715 3888 alibi:
740 3824 888 3908 Accipite
902 3822 1113 3908 disciplinam,
1129 3838 1161 3888 et
1175 3845 1236 3888 nou
1253 3849 1307 3911 pe-

353 3927 491 4006 cuniam,
501 3926 677 3992 doctrinam
690 3925 898 4010 magisquam
913 3946 1027 3989 aurum
1042 3923 1161 4010 eligite.
1187 3927 1304 3990 Melior

355 4041 402 4092 est
431 4029 515 4093 enim
542 4027 696 4114 sapientia
715 4026 839 4090 cunctis
867 4025 982 4110 opibus
1008 4025 1250 4112 pretiosissimis,
1274 4041 1306 4093 et

357 4151 450 4192 omne
470 4129 680 4194 desiderabile
701 4131 732 4193 ei
753 4150 816 4192 non
839 4141 944 4212 potest
966 4129 1151 4214 comparari.
1197 4131 1305 4207 Quum

356 4230 492 4312 gentiles
501 4231 579 4294 nihil
591 4231 657 4294 sine
668 4243 750 4296 nutu
763 4230 929 4294 numinum
940 4230 1103 4294 crederent
1115 4231 1308 4312 laciendum,
1410 4269 1419 4286 ·

357 4351 456 4394 unum
476 4345 581 4394 tamen
601 4332 692 4416 quasi
715 4335 819 4396 Deum
840 4330 1036 4408 deorumst
1057 4331 1196 4396 omnium
1223 4335 1308 4416 prin-
