3425 5367
291 754 362 799 car.
378 738 452 817 vm]
629 754 884 799 mercatrices
1180 739 1243 796 ‘289

290 906 450 990 ingressus
471 916 529 981 est,
545 918 576 969 et
591 905 771 990 appellatus
793 905 951 971 secundus
968 902 1134 976 Romulus,
1151 902 1240 987 quasi

289 1008 370 1072 alter
384 1007 499 1093 patriae
514 1006 668 1072 conditor.
713 1006 821 1073 Julius
837 1008 991 1093 Hyginus
1006 1007 1038 1070 iu
1055 1005 1137 1069 libro
1151 1016 1241 1067 sexto

289 1108 330 1173 de
342 1108 407 1173 vita
422 1109 581 1195 rebusque
595 1110 733 1173 virorum
745 1108 930 1187 illustrium,
940 1107 1028 1195 quod
1043 1106 1084 1170 de
1094 1103 1243 1171 Fabricio

287 1208 441 1295 sequitur,
459 1209 567 1273 refert.
616 1212 715 1290 (Nam
734 1209 950 1294 praecedentia
966 1206 1131 1274 Plutarchi
1147 1205 1178 1269 in
1194 1206 1241 1269 iu·

286 1312 452 1377 stitutione
468 1311 613 1397 Trajaui,
629 1326 661 1375 et
678 1314 701 1375 ‚J
705 1311 760 1375 ulii
777 1311 924 1377 Frontini
945 1315 977 1377 in
992 1311 1074 1376 libro
1089 1322 1241 1395 stratege-

288 1425 409 1477 matum
425 1418 522 1493 sunt.)
567 1416 731 1478 Venerunt
751 1434 828 1499 ergo
845 1412 984 1477 secundo
1006 1410 1099 1498 legati
1121 1412 1243 1475 Samni-

288 1527 357 1577 tum
380 1514 421 1577 ad
438 1513 477 1578 C.
493 1513 690 1590 Fabricium,
714 1513 832 1578 multas
846 1527 880 1579 et
902 1536 1033 1600 magnas
1055 1538 1104 1579 res
1126 1536 1241 1578 memo·

288 1630 405 1694 rantes,
426 1639 501 1701 quoe
523 1616 604 1679 bene
625 1638 661 1678 ac
683 1615 828 1679 benivole
854 1628 927 1702 post
949 1616 1106 1682 redditam
1132 1636 1241 1703 pacem

289 1717 486 1782 Samnitibus
495 1716 623 1797 fecerat,
632 1716 800 1783 offerentes
809 1717 894 1781 dono
902 1718 1053 1801 grandem
1064 1718 1242 1805 pecuniam,

287 1831 319 1883 et
335 1832 461 1885 orantes
475 1832 512 1883 ut
527 1840 597 1882 earn
612 1818 768 1904 acciperet
783 1830 815 1883 et
827 1830 983 1897 uteretur,
993 1842 1030 1883 eo
1043 1818 1129 1905 quod
1141 1816 1244 1882 multa

288 1920 329 1985 ad
354 1920 570 1985 necessitatem
594 1919 709 1997 victua,
737 1932 769 1984 et
793 1919 990 2006 splendorem
1016 1920 1129 1985 domus
1154 1931 1244 1985 tanto

290 2022 360 2085 viro
371 2020 478 2085 deesse
486 2032 654 2086 constaret.
688 2020 777 2085 Nihil
787 2020 870 2084 enim
882 2021 1019 2101 lautum,
1031 2033 1244 2107 paratumque

289 2134 357 2187 erat
379 2144 439 2208 pro
459 2120 673 2207 amplitudine
696 2120 845 2199 hominis,
867 2132 900 2184 et
922 2120 1080 2207 dignitate
1103 2120 1242 2184 virtutis.

290 2224 456 2289 Fabricius
470 2247 546 2289 vero
561 2223 672 2311 planas
687 2246 799 2290 manus
812 2224 854 2287 ab
873 2224 1005 2288 auribus
1020 2235 1051 2288 et
1067 2222 1107 2287 ad
1124 2222 1242 2298 oculos,

287 2342 318 2393 et
335 2329 430 2405 iulra,
445 2340 478 2393 et
497 2327 647 2413 deinceps
663 2326 704 2391 ad
724 2349 827 2403 nares,
842 2338 875 2391 et
890 2326 930 2389 ad
951 2350 997 2401 os,
1014 2339 1044 2391 et
1066 2326 1107 2389 ad
1122 2326 1244 2412 gulam,

287 2442 320 2493 et
342 2428 458 2492 deinde
480 2427 522 2492 ad
544 2439 687 2491 ventrem
709 2427 839 2503 etima,
862 2425 1009 2501 deduxit,
1024 2438 1057 2489 et
1078 2425 1191 2510 legatis
1210 2428 1243 2491 in

289 2530 358 2595 brec
384 2528 482 2592 verba
505 2528 688 2615 respondit:
723 2531 812 2592 Dum
835 2526 984 2592 omnibus
1007 2527 1058 2591 his
1083 2528 1243 2607 membris,

291 2651 365 2714 quaa
382 2626 486 2710 attigi,
499 2626 643 2693 resistere
657 2640 754 2713 atque
765 2628 921 2713 imperare
937 2640 1059 2715 potero,
1072 2627 1149 2693 mihi
1165 2628 1244 2694 nihil

289 2729 418 2793 omnino
427 2729 540 2810 deerit,
547 2730 685 2817 ideoque
697 2729 787 2793 vobis
795 2738 952 2793 reservate
963 2730 1128 2817 pecuniam
1139 2752 1245 2796 neces-

290 2832 403 2895 sariam
421 2831 532 2897 nsibus
552 2830 675 2909 restris,
690 2854 748 2895 uec
766 2853 836 2895 eam
851 2830 972 2917 quibus
991 2830 1174 2911 necessaria,
1188 2844 1244 2896 aut

291 2946 381 3017 grata
417 2956 479 2998 nou
514 2946 574 3013 est,
609 2933 771 3019 ingeratis.
816 2935 952 2999 Romani
988 2933 1145 3020 siquidem
1181 2955 1243 2999 non

289 3044 403 3098 curant
413 3032 532 3099 habere
547 3056 672 3112 aurum,
683 3034 741 3099 aed
756 3033 914 3121 imperare
927 3034 1037 3099 volunt
1052 3034 1244 3101 habentibus

289 3157 413 3202 aurum.
454 3139 529 3201 Hoc
542 3136 648 3203 Julius
664 3136 822 3224 Hyginus.
860 3136 1032 3203 Frontinus
1046 3159 1122 3203 vero
1136 3138 1244 3215 refert,

288 3238 375 3325 quod
386 3238 428 3303 ad
442 3238 624 3305 Fabricium
635 3239 752 3303 ducem
764 3238 995 3317 Romanorum,
1008 3240 1151 3305 medicus
1166 3240 1244 3327 Pyr·

290 3341 339 3407 rhi
356 3340 559 3429 Epirotarum
581 3342 665 3427 regis
683 3342 839 3428 pervenit,
855 3342 1014 3428 pollicitus
1034 3365 1068 3407 se
1084 3365 1242 3408 venenum

289 3445 439 3509 daturum
457 3444 589 3533 Pyrrho,
603 3446 682 3509 dum
697 3466 820 3509 merces
833 3444 894 3509 sibi
916 3442 949 3509 in
966 3466 1030 3531 qua
1052 3467 1158 3531 operte
1172 3468 1244 3533 pre-

289 3546 370 3611 tium
395 3546 487 3625 foret,
512 3548 769 3613 constitueretur.
812 3546 888 3623 Quo
912 3547 1051 3611 laciuore
1080 3547 1244 3613 Fabricius

289 3671 384 3733 egere
405 3650 568 3717 victoriam
589 3674 680 3716 suam
700 3672 763 3715 non
787 3649 968 3727 arbitratus,
991 3648 1058 3734 regi
1081 3650 1243 3715 medicum

289 3748 419 3815 detexit.
466 3751 576 3837 Atque
590 3750 707 3815 aalide
727 3751 855 3829 meruit,
872 3762 909 3817 ut
929 3751 970 3817 ad
986 3750 1158 3817 amicitiam
1180 3754 1244 3817 Ro-

290 3874 458 3917 manorum
478 3855 704 3941 appetendam,
723 3855 932 3942 compelleret
954 3855 1121 3941 Pyrrhum.
1159 3860 1242 3921 Pace

291 3974 365 4017 mee
393 3953 560 4019 decertent
588 3955 620 4020 in
647 3978 723 4021 casu
747 3955 808 4021 isto
835 3954 983 4020 Valerius
1010 3954 1184 4034 Maximus,
1210 3972 1243 4023 et

292 4054 447 4121 Claudius
469 4056 710 4143 Quadrigarius,
734 4059 965 4125 contendentes
987 4058 1028 4123 de
1054 4060 1183 4127 nomine
1210 4076 1244 4127 et

288 4156 391 4221 officio
406 4159 583 4243 proditoris.
629 4162 683 4225 An
701 4160 909 4227 Timochares
924 4162 1020 4227 luerit
1037 4163 1131 4248 juxta
1146 4164 1243 4231 Vale·

291 4258 373 4323 rium
390 4270 481 4345 pater
502 4260 598 4339 illius,
614 4263 669 4349 qui
685 4263 717 4327 in
740 4263 823 4349 regis
838 4262 982 4328 convivio
1005 4264 1119 4350 pocula
1134 4266 1243 4332 minis·

289 4360 404 4437 trabat,
420 4384 461 4425 au
484 4364 660 4429 secundnm
685 4364 933 4451 Quadrigarium
960 4366 1068 4433 Nicias
1090 4368 1242 4453 medicus,

332 4486 403 4529 von.
421 4486 471 4531 111.
769 4490 789 4533 u
