3425 5367
444 688 485 748 42
711 698 847 745 soranus
862 697 1140 743 sanasssamrrsrs
1275 680 1356 760 [ma.
1373 702 1397 747 1.

442 850 658 939 egrederetur,
674 862 845 935 antequam
866 848 1013 913 inchoata
1036 848 1151 913 finiret.
1197 847 1266 913 Nec
1286 872 1398 935 quem-

440 974 534 1039 quam
552 952 660 1038 egredi
676 975 714 1015 eo
729 962 877 1015 cantante
888 950 1013 1015 licitum
1028 963 1106 1015 erat.
1137 950 1235 1015 Unde
1250 951 1397 1038 plerique

440 1055 546 1119 affecti
573 1054 669 1119 radio
695 1052 868 1127 audiendi,
887 1051 1033 1117 simulato
1063 1052 1175 1116 funere
1204 1052 1280 1117 elati
1310 1067 1396 1119 sunt.

441 1155 564 1220 Milites
592 1177 733 1241 quoque,
760 1152 819 1217 nisi
849 1153 912 1216 alio
941 1154 1037 1218 rerba
1065 1153 1306 1239 pronunciante,
1332 1178 1396 1218 non

440 1255 642 1341 appellabat;
670 1278 728 1318 nee
742 1254 859 1339 agebat
879 1252 1052 1339 quicquam
1069 1254 1162 1330 serio,
1176 1256 1302 1340 jocove,
1316 1254 1396 1339 quin

440 1356 619 1442 phonascus
648 1356 800 1436 adstaret,
826 1355 884 1441 qui
913 1379 987 1419 eum
1018 1359 1084 1421 suis
1112 1356 1238 1421 arteriis
1266 1379 1397 1442 parcere

440 1457 632 1526 hortaretur.
681 1459 975 1522 Instrumentorum
1007 1477 1136 1544 quoque
1165 1457 1396 1523 curiosissimus

440 1572 520 1635 erat,
532 1572 567 1624 ut
584 1580 694 1623 eorum
706 1559 852 1645 peritiam
865 1558 936 1623 aliis
947 1558 1116 1638 invideret,
1126 1559 1206 1624 adeo
1217 1571 1254 1623 ut
1265 1558 1397 1645 publico

440 1660 622 1725 testimonio
636 1683 669 1725 se
684 1660 907 1747 cytharoedum
924 1660 1099 1746 principem
1116 1659 1271 1745 gauderet
1286 1658 1396 1744 appel·

440 1760 509 1827 lari.
540 1762 637 1827 Unde
653 1761 751 1829 illud:

686 1877 847 1946 Oytharoedo
857 1879 971 1950 principe
982 1884 1059 1932 nahra

546 1962 660 2020 Nobilis.
691 1962 760 2016 Haeo
771 1962 840 2015 ultra
850 1964 925 2015 nobis
937 1965 999 2034 qaid
1011 1966 1061 2017 erit
1071 1965 1123 2047 pisi
1133 1962 1229 2018 ladas?

443 2067 482 2129 In
509 2076 599 2149 tanta
623 2086 755 2151 quoque
781 2066 864 2129 mole
890 2066 1013 2153 imperii
1037 2088 1162 2131 omnem
1188 2088 1321 2153 perosus
1347 2077 1395 2131 est

441 2166 643 2251 gravitatem.
667 2166 905 2253 Philosophiam
915 2191 1109 2256 persequens
1120 2170 1211 2256 quasi
1222 2169 1396 2254 majestatis

440 2266 564 2354 imperii
579 2269 749 2345 inimicam,
765 2281 797 2335 et
813 2270 968 2335 nobiliora
982 2272 1112 2357 ingenia
1125 2274 1259 2352 veritus,
1273 2294 1306 2334 se
1320 2291 1394 2333 con-

441 2369 518 2434 siliis
542 2372 686 2437 subdidit
710 2372 912 2449 histrionum,
933 2396 1071 2459 quorum
1091 2374 1160 2460 ipse
1180 2396 1242 2437 non
1264 2372 1394 2436 erubuit

440 2472 673 2559 turpitudinem
690 2497 846 2540 exercere.
878 2474 965 2539 Hine
978 2475 1060 2540 illud

545 2590 624 2652 Quod
634 2608 686 2643 non
698 2592 763 2645 dant
772 2609 900 2663 proceres,
913 2592 986 2645 dabit
996 2592 1097 2647 histrio.

441 2692 549 2769 Quum
566 2714 641 2757 vero
663 2707 743 2758 esset
767 2692 909 2759 omnium
926 2694 1140 2773 avarissimus
1156 2694 1236 2758 adeo
1257 2707 1294 2759 at
1307 2692 1393 2757 nulli

439 2792 657 2879 quodcunque
678 2795 817 2862 officium
840 2796 1013 2883 delegaret,
1034 2797 1113 2883 quin
1136 2808 1395 2882 prosequeretur,

439 2894 534 2959 Nosti
556 2896 636 2981 quid
654 2898 731 2961 mihi
753 2921 836 2983 opus
851 2900 912 2972 sit3
941 2911 997 2962 aut
1019 2899 1101 2963 illud
1125 2898 1307 2983 subjiceret,
1329 2895 1394 2971 Qui

438 2995 587 3059 omnibus
601 3004 729 3081 praeest,
741 2998 888 3059 omnibns
903 2996 1044 3077 indigetz
1066 3008 1172 3059 tamen
1188 2998 1396 3062 histrionibus

439 3104 470 3154 et
486 3092 591 3154 mimis
612 3094 763 3177 pecunias
784 3094 924 3156 infinitas
945 3116 1076 3177 erogare
1098 3117 1162 3157 non
1181 3081 1396 3176 gravabatur3

439 3190 591 3275 singulos,
607 3206 702 3279 prout
718 3193 857 3281 quisque
877 3194 1052 3281 placuerat,
1069 3195 1270 3281 amplissimae
1291 3197 1397 3280 digni-

439 3291 514 3357 tatis
524 3293 650 3358 nomine
666 3294 872 3376 subornabat,
883 3294 962 3359 alios
973 3296 1134 3381 patricios,
1145 3295 1224 3361 alios
1236 3308 1397 3363 senatores

439 3393 556 3460 dicens.
609 3396 682 3462 Hos
710 3396 883 3461 illustrium
920 3396 1182 3482 spectabiliumve
1211 3398 1396 3464 nominibus

439 3495 632 3563 illustrabat.

470 3725 550 3809 Cap.
569 3730 598 3789 8.
621 3727 673 3791 De
688 3726 927 3801 Histrionibraa
942 3735 973 3791 et
988 3728 1114 3806 illimis,
1130 3736 1161 3793 et
1181 3731 1369 3829 Praestipia-

850 3830 979 3893 toribus.

482 3982 565 4044 EUM
591 4002 666 4043 vero
687 3978 794 4042 adhuc
815 3979 915 4065 aliqui
940 4004 998 4067 pro
1020 3993 1110 4065 parte
1132 3981 1311 4057 imitantur,
1333 3978 1393 4044 etsi

438 4079 585 4146 foeditate
604 4080 689 4145 allius
711 4102 804 4144 nemo
819 4081 971 4167 dignetur
993 4083 1125 4161 involvi,
1140 4106 1243 4169 quum
1257 4082 1393 4168 gratiam

438 4205 527 4249 suam
550 4182 759 4248 histrionibus
779 4192 811 4246 et
836 4187 940 4248 mimis
963 4184 1056 4249 multi
1078 4186 1286 4271 prostituant,
1308 4197 1341 4248 et
1359 4184 1393 4247 in

438 4284 618 4351 exhibenda
628 4285 749 4350 malitia
764 4308 873 4349 eorum
890 4309 973 4351 caeca
984 4287 1123 4372 quadam
1139 4302 1170 4352 et
1182 4284 1393 4351 contemtibili
