3425 5367
417 682 481 742 208
675 693 812 738 somnus
829 673 1109 738 ssausanmsasrs
1218 679 1300 753 [nm.
1318 697 1370 740 111.

417 845 591 912 decreverit
608 846 797 931 Imperator.
840 845 896 910 Ait
911 844 1014 910 enim:
1041 845 1148 920 Quum
1166 844 1214 908 vir
1228 845 1322 912 nubit
1336 845 1369 910 in

416 950 566 1015 feminam
585 948 666 1012 vires
679 960 911 1034 porrecturam,
925 947 1006 1034 quid
1022 948 1154 1031 cupiat?
1193 948 1260 1014 Ubi
1276 971 1370 1014 sexus

416 1051 556 1139 perdidit
571 1050 687 1129 locum,
703 1073 759 1114 nec
779 1054 880 1115 scelus
894 1063 941 1114 est
958 1049 1044 1136 quod
1060 1071 1121 1112 non
1137 1049 1261 1134 perlicit
1278 1051 1368 1125 scire,

415 1155 471 1220 ubi
497 1158 608 1218 Venus
632 1165 778 1217 mutatur
803 1153 836 1216 in
864 1151 995 1217 alteram
1021 1151 1166 1225 formam,
1194 1151 1251 1216 ubi
1279 1173 1370 1216 amor

415 1256 571 1343 quaeritur
590 1267 622 1319 et
642 1277 705 1317 nou
728 1254 900 1328 invenitur,
911 1253 1063 1341 jubemus
1084 1253 1247 1339 insurgere
1269 1254 1366 1339 leges,

414 1357 529 1421 armari
550 1357 637 1443 jura,
664 1369 702 1420 ut
727 1355 836 1440 gladio
861 1355 975 1430 ultore,
1002 1367 1034 1419 et
1061 1353 1229 1440 exquisitis
1251 1356 1365 1440 poenis,

414 1457 593 1524 subdantur
607 1458 754 1537 infames,
768 1457 826 1543 qui
841 1469 928 1532 aunt,
939 1455 989 1519 vel
1004 1455 1108 1520 futuri
1124 1468 1197 1520 sunt
1214 1455 1268 1520 rei.
1305 1456 1367 1520 Sed

413 1585 518 1649 neque
532 1559 803 1626 consentientibus
822 1559 935 1646 parcit,
952 1557 1030 1644 quin
1046 1556 1090 1620 eis
1105 1579 1229 1642 poenam
1246 1555 1365 1644 irroget

412 1665 591 1752 capitalem,
608 1685 708 1749 quum
723 1674 755 1726 et
770 1661 840 1746 lege
855 1661 963 1726 divina
977 1659 1138 1736 facientes,
1155 1672 1187 1724 et
1209 1661 1365 1726 consenti-

412 1779 512 1844 entes,
528 1766 597 1852 pari
612 1787 707 1852 poena
720 1765 910 1851 plectantur.
957 1762 1122 1847 Ipsosque,
1140 1783 1255 1846 magno
1271 1762 1365 1848 Epis.

410 1891 492 1955 copo
516 1880 645 1932 anctore
672 1864 891 1946 (Ambrosium
918 1863 1186 1929 Mediolanensem
1217 1864 1361 1948 attende)

411 1967 640 2032 eonsentientes
659 1965 802 2029 delinivit
824 1987 902 2044 esse,
918 1967 975 2050 qui
994 1977 1105 2029 notum
1128 1988 1264 2029 errorem
1288 1967 1362 2031 reti.

411 2083 495 2147 cent,
512 2083 568 2132 aut
588 2068 745 2151 corrigere
764 2089 866 2152 quum
888 2067 1022 2150 possint,
1040 2067 1251 2134 dissimulant.
1298 2069 1361 2133 Sed

411 2167 547 2255 quidde
565 2170 611 2231 eis
626 2167 854 2244 verecundum,
870 2167 1080 2253 odiosumque
1102 2192 1275 2233 sermonem
1290 2191 1362 2257 pro-

411 2269 596 2334 tendimus?
634 2268 683 2333 Ut
704 2278 820 2331 sortem
847 2290 957 2330 eorum
985 2268 1143 2352 condigna
1164 2270 1362 2336 conclusione

410 2371 611 2449 claudamus,
636 2368 849 2457 proculdubio
874 2368 964 2455 pluet
996 2393 1173 2460 super'eos
1204 2372 1362 2438 Dominus

410 2473 541 2560 laqueos
556 2487 670 2537 utnon
686 2471 854 2556 effugiant,
869 2470 964 2557 ignis,
980 2471 1128 2557 sulphur,
1144 2473 1274 2560 spiritus
1289 2495 1362 2558 pro-

408 2576 568 2652 cellarum,
585 2598 658 2662 pars
676 2574 781 2639 calicis
801 2596 922 2649 eorum,
939 2586 970 2638 et
991 2597 1063 2638 cum
1084 2575 1269 2639 auctoribus
1284 2575 1359 2654 suis,

408 2701 491 2764 quos
508 2679 646 2742 Sodoma
666 2677 843 2754 devoravit,
859 2689 953 2741 erunt
976 2678 1100 2741 saeculis
1115 2680 1146 2742 in
1163 2677 1308 2742 l'oetorem
1328 2691 1360 2744 et

406 2781 616 2868 opprobrium
638 2779 876 2867 sempiternum.
922 2780 1009 2858 Quid
1031 2779 1174 2866 proderit
1189 2803 1298 2866 quaeso
1312 2781 1358 2846 eis

407 2896 485 2948 tunc
496 2883 634 2947 divitum
647 2885 755 2946 favor?
778 2885 845 2946 Aut
857 2881 931 2968 quis
940 2893 1044 2968 potest
1057 2904 1123 2945 esse
1135 2882 1357 2968 temporalium

405 3007 483 3048 usus
505 2997 562 3048 aut
577 2983 735 3069 voluptas,
751 3005 848 3068 quem
872 2995 980 3048 tantus
1002 2982 1104 3062 dolor,
1120 2997 1151 3048 et
1175 2996 1265 3048 tanta
1286 3007 1356 3060 eru.

407 3084 565 3149 bescentia
578 3107 641 3148 non
657 3084 851 3149 absorbeat?

406 3397 486 3482 Cap.
504 3404 552 3463 14.
579 3399 773 3463 adulatores
784 3403 965 3483 puniendos
979 3421 1054 3478 esse,
1069 3407 1234 3479 tamquam.
1253 3399 1356 3463 hortea

445 3499 590 3563 Deorum
612 3511 644 3564 et
667 3503 841 3576 homiuum,
857 3510 889 3565 et
910 3505 1075 3564 veritatem
1093 3506 1264 3580 gratanter
1287 3523 1356 3565 am-

441 3603 652 3681 plectendam,
668 3610 700 3666 et
710 3605 908 3684 patientiam
924 3602 1256 3680 sustentamentum
1272 3605 1353 3667 ruti·

444 3701 562 3765 onibus
575 3723 673 3783 quom
688 3704 839 3785 cremplis
852 3705 1020 3784 moJorum.

447 3888 526 3965 Sao,
545 3900 582 3950 ut
605 3886 728 3972 vulgari
751 3886 921 3974 proverbio
943 3886 1073 3964 dicitur,
1097 3889 1187 3952 Deus
1208 3886 1262 3950 ille
1284 3908 1351 3972 prae

400 3989 512 4052 ceteris
537 3987 688 4052 colendus
709 3989 863 4068 creditur,
886 3990 943 4076 qui
966 3988 1113 4054 subvenit
1136 3990 1169 4052 in
1192 3988 1351 4075 praesenti.

403 4088 547 4173 ldeoque
562 4112 623 4153 non
639 4105 751 4155 curant
771 4091 942 4177 quomodo,
959 4090 1036 4154 dum
1061 4101 1166 4154 tamen
1182 4090 1241 4153 hoc
1263 4089 1352 4176 quod

400 4204 555 4276 expetunt
571 4191 701 4257 faciant.
746 4194 887 4278 Egregie
909 4191 1039 4278 quidem
1056 4191 1203 4258 Caecilius
1220 4191 1352 4265 Balbus,

402 4291 590 4380 Imperator,
606 4293 721 4380 inquit,
736 4300 893 4380 Auguste,
909 4307 977 4358 tum
994 4297 1026 4357 in
1043 4293 1163 4368 multis,
1179 4305 1249 4392 pum
1265 4293 1297 4356 in
1314 4316 1351 4356 eo
