3425 5367
310 755 383 798 ona.
400 737 484 816 xta]
682 753 937 797 aonrcnsrrcus.
1201 735 1261 796 all

310 904 519 980 contumacia,
536 903 613 990 quid
631 904 700 982 tibi,
715 904 833 989 iuquit,
849 916 885 967 ut
903 915 938 967 tu
954 902 1062 966 orbem
1080 903 1258 966 terrarum?

312 1005 373 1068 Sed
389 1006 464 1091 qnia
479 1006 511 1070 id
528 1030 587 1091 ego
602 1030 666 1070 uno
680 1007 808 1090 navigio
830 1006 923 1082 facio,
939 1004 1022 1068 latro
1039 1025 1149 1074 vocor;
1183 1003 1259 1084 quia

310 1119 345 1171 tu
360 1128 475 1192 magna
489 1109 601 1190 classe,
611 1109 723 1174 diceris
735 1109 916 1194 imperator.
949 1108 981 1172 Si
998 1105 1095 1185 solus,
1105 1117 1136 1168 et
1149 1113 1259 1188 captus

308 1208 349 1271 sit
365 1209 555 1290 Alexander,
569 1211 652 1276 latro
667 1212 736 1275 erit.
768 1211 802 1274 Si
817 1211 857 1274 ad
873 1221 984 1276 nutum
1002 1206 1131 1272 Dionidi
1147 1204 1259 1292 populi

307 1309 515 1388 famulentur,
537 1311 598 1376 erit
624 1311 781 1376 Dionides
808 1311 996 1396 Imperator.
1042 1311 1123 1372 Nam
1152 1305 1260 1393 quoad

309 1433 435 1476 causam
452 1435 513 1475 non
530 1412 693 1487 differunt,
709 1413 770 1476 nisi
791 1411 868 1497 quia
883 1411 1021 1476 deterior
1041 1423 1088 1474 est
1104 1409 1159 1495 qui
1175 1410 1258 1493 rapit

307 1510 495 1597 improbius,
512 1514 569 1597 qni
587 1514 747 1598 justitiam
762 1513 917 1598 abjectius
939 1512 1067 1605 deserit,
1084 1511 1140 1596 qui
1160 1513 1259 1573 mani·

307 1612 421 1679 festius
445 1615 612 1700 impugnat
638 1615 732 1700 leges.
780 1617 869 1689 Quas
895 1614 977 1677 enim
1007 1637 1067 1698 ego
1096 1610 1196 1694 fugio,
1223 1622 1259 1672 tu

308 1717 518 1802 persequeris,
547 1739 606 1800 ego
640 1737 803 1802 utcunque
837 1706 979 1796 reneror,
1008 1728 1043 1779 tu
1077 1711 1260 1780 contemnis.

307 1819 365 1879 Me
387 1817 526 1881 fortunae
548 1818 711 1905 iniquitas,
734 1831 766 1884 et
792 1818 838 1882 rei
865 1817 1029 1881 familiaris
1050 1815 1206 1902 angustia,
1229 1828 1261 1878 te

308 1916 410 1983 fastus
421 1918 638 1998 intolerabilis,
650 1935 682 1985 et
693 1920 896 2006 inexplebilis
907 1919 1049 1999 avaritia,
1060 1918 1162 1982 furem
1173 1917 1260 1982 lacit.

310 2020 344 2086 Si
364 2020 495 2084 fortuna
516 2034 757 2098 mansuesceret,
774 2024 881 2086 fierem
905 2021 987 2085 sorte
1001 2019 1121 2084 melior.
1166 2025 1209 2084 At
1225 2033 1261 2084 tu

309 2142 376 2206 qno
391 2121 594 2199 fortunatior,
610 2145 648 2185 eo
663 2123 798 2208 nequior
812 2122 884 2186 eris.
922 2123 1063 2185 Miratus
1079 2120 1262 2185 Alexander

308 2225 518 2288 constantiam
530 2225 667 2290 hominis
678 2248 750 2291 eum
764 2226 877 2290 merito
889 2228 1066 2310 arguentis:
1092 2225 1262 2311 Experiar,

217 2316 221 2326 ’
309 2324 425 2411 inquit,
441 2349 480 2389 an
495 2327 627 2392 futurus
638 2328 680 2391 sis
694 2325 817 2404 melior,
827 2327 1056 2413 fortunamque
1072 2328 1213 2402 mutabo,
1226 2340 1261 2391 ut

308 2449 371 2491 nou
402 2428 430 2491 ei
457 2451 476 2491 a
501 2430 596 2492 modo
621 2430 710 2515 quod
736 2429 920 2514 deliqueris,
947 2429 1002 2493 sed
1029 2430 1094 2492 tuis
1120 2429 1262 2492 moribus

309 2528 519 2594 adscribatur.
557 2531 644 2594 Eum
667 2531 776 2616 itaque
786 2531 883 2617 jussit
906 2530 1061 2594 conscribi
1078 2529 1211 2609 militiae,
1227 2541 1264 2594 ut

309 2641 416 2714 posset
431 2629 545 2693 exinde
569 2630 663 2694 salvis
678 2631 804 2718 legibus
826 2630 971 2720 militare.
1017 2630 1078 2693 Sed
1097 2653 1137 2693 ne
1151 2653 1171 2693 a
1190 2629 1264 2693 solis

312 2729 434 2793 Groecis
446 2742 632 2794 mutuemur
643 2731 853 2796 instrumenta
865 2733 1029 2795 virtutum.
1054 2729 1160 2814 Scipio
1176 2729 1264 2792 Afri-

310 2851 418 2907 canus,
430 2853 530 2916 quum
546 2854 618 2896 enm
634 2854 746 2917 parurn
765 2853 940 2919 pugnacem
955 2829 1085 2918 quidam
1101 2842 1262 2914 argueret:

312 2932 553 3017 Imperatorem,
576 2933 694 3019 inquit,
719 2957 769 2998 me
792 2946 894 2998 mater
920 2933 1054 3019 peperit,
1079 2955 1142 2998 non
1168 2931 1265 2997 bella-

311 3044 424 3096 torem.
463 3033 589 3097 Marius
604 3057 732 3120 quoque
746 3056 847 3120 quum
863 3055 935 3097 eum
952 3036 1119 3098 Teutonus
1133 3033 1264 3121 quidam

311 3131 351 3197 ad
368 3153 487 3218 pugnas
501 3145 658 3197 certamen
680 3145 878 3218 provocaret,
895 3132 1068 3218 respondit,
1085 3135 1111 3199 si
1127 3133 1265 3220 cupidus

311 3234 424 3298 mortis
438 3247 531 3314 esset,
541 3259 572 3300 se
586 3236 681 3300 vitam
691 3236 808 3321 laqueo
817 3257 909 3322 posse
920 3234 1036 3312 finisse,
1047 3249 1078 3300 et
1090 3239 1263 3323 sapientem

310 3356 373 3400 non
395 3347 458 3400 tam
474 3358 615 3422 pugnam
638 3359 735 3422 quam
752 3336 913 3402 victoriam
937 3357 1091 3421 quaerere.
1138 3335 1265 3401 Primus

311 3435 532 3502 Romanorum
558 3439 737 3524 imperator
758 3440 869 3503 Julius
892 3440 1000 3504 caesar
1022 3459 1119 3524 quam
1142 3441 1265 3524 patien-

310 3537 430 3603 tissime
439 3539 541 3603 multa
552 3540 714 3605 sustinuit.
746 3542 853 3618 Quum
866 3539 948 3603 eninr
959 3539 1119 3605 calvitium
1132 3539 1265 3626 iniquis-

312 3638 391 3702 sime
404 3639 513 3719 l'erret,
527 3652 559 3704 et
580 3640 779 3705 deficientem
794 3639 944 3726 capillum
967 3662 986 3703 a
1007 3641 1128 3704 cervice
1150 3663 1266 3704 convo-

311 3751 396 3804 caret
411 3738 452 3803 ad
468 3740 617 3821 frontem,
631 3743 673 3806 ab
687 3743 770 3807 irato
784 3741 886 3806 milite
901 3740 930 3804 ei
945 3741 1066 3806 dictum
1082 3755 1148 3808 est:
1174 3743 1266 3808 Faci-

311 3839 373 3904 lius
387 3853 435 3906 est
447 3843 556 3907 Caesar
567 3855 599 3906 te
607 3841 733 3906 calaum
745 3865 807 3905 noo
819 3865 898 3918 esse,
909 3863 1005 3928 quam
1018 3863 1068 3905 me
1079 3841 1111 3906 in
1121 3843 1265 3912 exercitu

313 3943 458 4007 Romano
473 3943 646 4030 quicquam
661 3945 772 4030 egisse,
790 3943 839 4007 vel
864 3957 1011 4007 acturum
1026 3967 1093 4007 esse
1113 3944 1265 4012 timidius.

314 4041 405 4106 Idem
416 4042 481 4107 lato
490 4044 581 4110 clavo
591 4065 694 4129 usque
704 4042 745 4108 ad
756 4065 869 4108 manus
879 4043 1038 4108 fimbriato
1051 4057 1152 4120 utens,
1163 4045 1266 4110 laxius

312 4140 510 4227 cingebatur.
545 4144 640 4210 Unde
655 4144 756 4230 Sylla,
769 4144 938 4230 optimates
953 4145 1069 4232 soepius
1084 4145 1265 4226 admonens,

315 4241 452 4325 dicebat,
468 4256 505 4308 ut
519 4267 654 4329 puerum
670 4247 753 4310 male
767 4246 973 4330 praecinctum
989 4259 1145 4313 caverent.
1181 4249 1268 4312 Prae-

316 4359 402 4410 terea
418 4346 662 4431 margaritarum
684 4347 906 4432 cupidissimus
927 4359 1006 4426 erat,
1026 4371 1118 4433 quas,
1141 4351 1267 4434 pondus

769 4456 823 4510 1³⁶2
