3425 5367
472 736 512 795 14
726 744 862 791 sosurus
878 742 1156 790 sansanaruauus
1299 726 1381 805 [cns.
1398 744 1420 793 1.

472 902 557 965 enim
574 920 672 984 quum
687 898 825 981 ineptias
840 918 915 961 suas
930 898 1032 961 lector
1046 898 1095 961 rel
1110 895 1235 960 auditor
1257 908 1422 979 agnoscet,

470 1001 697 1066 illudetbicum
704 998 1420 1082 reducetadanimum,qnia“mutatonomine

471 1102 513 1165 de
528 1124 562 1167 se
576 1103 686 1167 fabula
699 1110 844 1165 narratur
855 1102 882 1177 ;”
903 1101 1067 1184 praecipue
1082 1121 1181 1185 quum
1197 1120 1309 1165 omues
1321 1122 1420 1165 nove·

469 1203 534 1266 rint
560 1203 689 1288 quantis
713 1212 749 1266 tn
774 1199 975 1266 serietatibus
996 1200 1117 1285 jugiter
1142 1202 1320 1285 occuperis.
1365 1202 1421 1267 sic

471 1302 548 1367 dum
568 1304 646 1369 alios
668 1303 763 1367 docet
778 1304 903 1367 Seneca
917 1322 1010 1366 suum
1023 1312 1135 1367 monet
1153 1303 1324 1367 Lucilium.
1369 1303 1421 1367 Ad

471 1405 636 1468 Oceanum
666 1414 699 1467 et
727 1402 970 1467 Pammachinm
997 1402 1107 1466 scribit
1135 1402 1366 1485 Hieronymus,
1388 1414 1422 1466 et

471 1504 604 1568 aliorum
615 1504 1121 1589 plerumquecastigatexcessus.
1151 1504 1304 1589 Quisquis
1315 1515 1421 1567 antem

469 1606 667 1671 blandientis
681 1614 831 1670 causatur
849 1605 999 1689 ineptias,
1013 1606 1176 1689 negotium
1191 1626 1264 1669 cum
1278 1616 1422 1689 tempore

471 1708 629 1784 metiatur,
655 1716 688 1771 ct
712 1707 800 1791 quod
827 1707 982 1789 sapientis
1005 1718 1063 1785 est,
1076 1710 1131 1769 'ex
1155 1708 1263 1770 causis
1292 1705 1421 1769 dicendi

471 1808 560 1872 dicta
570 1808 735 1893 dijudicet.
759 1808 794 1871 Si
805 1808 884 1889 quid
895 1818 1001 1870 autam
1013 1808 1153 1889 cuipiam
1165 1807 1307 1888 asperius
1318 1818 1422 1881 sonat,

472 1930 538 1973 non
552 1910 586 1971 in
601 1928 635 1971 sa
651 1908 825 1991 quicquam
844 1907 965 1969 dictum
984 1906 1118 1982 noverit,
1133 1905 1237 1969 sedin
1253 1908 1422 1990 meipsum,

472 2020 504 2073 et
519 2008 638 2072 similes
652 2007 725 2086 mci,
741 2007 798 2089 qui
812 2028 942 2069 mecum
964 2006 1101 2089 cupiunt
1115 2007 1296 2084 emendari3
1318 2010 1422 2071 autin

472 2128 537 2185 eos,
566 2108 622 2191 qui
651 2107 785 2189 collapsi
813 2107 847 2168 in
876 2107 952 2184 fata,
980 2128 1109 2170 omnem
1137 2108 1422 2190 reprehensionem

473 2207 694 2293 aequanimiter
715 2207 829 2271 ferunt.
883 2209 969 2272 Novi
998 2208 1085 2272 enim
1109 2209 1185 2293 quia
1212 2210 1293 2273 nulli
1316 2212 1421 2291 gravis

472 2330 643 2393 percussus
665 2308 825 2372 Achilles:
850 2318 883 2373 et
896 2331 1037 2393 praesens
1057 2320 1137 2375 aetas
1157 2312 1324 2392 corrigitur
1343 2311 1421 2375 dum

471 2411 632 2495 praterita
647 2409 712 2473 suis
731 2412 852 2475 meritis
870 2413 1064 2497 objurgatur.
1110 2413 1164 2476 Sic
1186 2413 1264 2476 dum
1284 2412 1422 2493 corrigat

473 2511 638 2589 Horatius,
652 2509 748 2573 etiam
763 2512 872 2589 servis,
882 2521 918 2575 nt
934 2512 1108 2576 Decembri
1121 2514 1267 2577 libertate
1282 2522 1422 2590 utantur,

471 2612 625 2697 indulget.

611 2730 698 2783 Omne
708 2728 779 2783 vafer
789 2730 881 2783 vitium
891 2730 987 2783 ridenti
999 2729 1109 2783 Flaccus
1120 2731 1203 2783 amico

610 2816 720 2885 Tangit,
732 2822 761 2870 et
770 2817 900 2870 admissus
911 2818 1008 2871 circum
1018 2818 1157 2889 precordia
1167 2814 1243 2869 lndit.

471 2922 553 2994 Quae
578 2942 651 2985 vero
676 2922 717 2983 ad
736 2943 803 2984 rem
826 2923 1019 3002 pertinentia
1044 2943 1064 2984 a
1085 2921 1219 2984 diversis
1240 2920 1422 2985 auctoribus

471 3044 506 3085 se
528 3024 634 3083 animo
656 3022 855 3100 ingerebant,
877 3021 954 3082 dum
976 3022 1167 3093 conferrent,
1190 3031 1247 3083 ant
1261 3022 1422 3104 juvarent,

471 3121 579 3183 curavi
592 3120 742 3194 inserere,
752 3120 856 3181 tacitis
871 3118 1032 3181 interdum
1042 3120 1227 3181 nominibus
1237 3133 1419 3197 auctorum3

471 3232 539 3285 tum
562 3217 637 3304 quia
658 3219 729 3297 tibi,
751 3228 862 3303 utpote
884 3219 1060 3283 exercitato
1081 3218 1117 3282 in
1138 3219 1248 3293 literis,
1270 3221 1420 3304 pleraque

471 3322 655 3409 plenissime
676 3330 752 3386 nota
774 3343 844 3386 esse
864 3342 1033 3397 noveram
1055 3329 1123 3384 tum
1136 3328 1173 3384 ut
1188 3320 1230 3385 ad
1248 3321 1421 3387 lectionem

472 3424 633 3491 assiduam
649 3426 752 3505 magis
773 3423 1001 3489 accenderetur
1021 3423 1161 3506 ignarus.
1206 3426 1247 3488 In
1263 3425 1379 3509 quibus
1393 3424 1421 3489 si

471 3528 551 3612 quid
573 3548 593 3590 a
614 3526 680 3589 lide
703 3526 768 3588 veri
789 3522 917 3606 longius
939 3527 1040 3603 abest,
1060 3527 1140 3590 mihi
1163 3528 1289 3592 veniam
1311 3527 1422 3592 deberi

471 3626 613 3704 confido,
638 3626 693 3707 qui
719 3647 784 3688 non
809 3626 927 3704 omnia,
951 3647 1023 3711 quae
1048 3625 1101 3693 hic
1131 3632 1323 3712 scribuntur,
1346 3651 1422 3695 vera

471 3750 541 3793 esse
555 3727 721 3811 promitto3
737 3726 794 3791 sed
810 3728 875 3790 sive
890 3748 1042 3805 varasco
1056 3731 1137 3796 falsa
1151 3743 1237 3812 sunt,
1244 3733 1419 3815 legentium

471 3826 582 3891 usibus
603 3825 762 3889 inservire.
806 3828 921 3909 Neque
941 3828 1027 3892 enim
1049 3829 1129 3895 adeo
1152 3854 1266 3897 excors
1287 3854 1368 3909 sum,
1383 3840 1421 3894 ut

470 3950 528 4013 pro
550 3948 625 3991 vero
650 3926 822 4006 adstruam,
845 3929 921 4013 quia
945 3933 1094 4013 pennatis
1119 3934 1231 3997 avibus
1257 3931 1419 4015 quondam

471 4030 951 4113 testudoloquutaest,autquod
960 4033 1124 4099 “rusticus
1133 4038 1289 4097 urbanum
1298 4054 1419 4097 murem

470 4152 542 4195 mus
550 4151 690 4215 paupere
699 4130 802 4193 tecto”
811 4134 1000 4215 susceperit,
1010 4146 1042 4198 et
1051 4134 1182 4211 similia;
1193 4134 1252 4199 sed
1261 4135 1339 4218 quin
1348 4136 1419 4200 hac

470 4232 622 4315 figmenta
635 4238 751 4295 nostrae
765 4231 959 4297 famulentur
971 4235 1185 4313 instructioni,
1199 4257 1264 4299 non
1281 4237 1419 4319 ambigo.

471 4336 555 4399 Haec
584 4354 712 4417 quoque
737 4332 819 4417 ipsa,
851 4330 968 4417 quibus
997 4335 1183 4420 plerumque
1212 4348 1295 4417 utor,
1317 4339 1420 4403 aliena
