3425 5367
426 730 486 788 100
657 737 793 784 sotanis
808 738 1088 784 sanasnsnmnsm
1238 719 1320 798 [me.
1336 728 1375 781 li.

424 891 530 955 dinem
553 901 690 956 teneant.
735 891 903 976 Utrosque
923 891 1078 953 alterutra
1100 886 1282 972 astrologia
1303 910 1376 951 eru-

425 993 555 1057 ditionis
580 1015 646 1056 suae
673 992 785 1078 recipit
812 991 1014 1075 professores.
1060 991 1142 1053 Sunt
1169 988 1234 1069 alii,
1260 992 1317 1073 qui
1343 990 1375 1052 in

425 1091 617 1178 professione
639 1104 796 1155 astrorum
824 1090 953 1154 veritati
978 1089 1110 1175 quidem
1136 1088 1315 1173 invigilant,
1339 1111 1377 1153 eo

427 1192 496 1254 solo
521 1191 674 1265 contenti,
701 1191 726 1254 si
753 1190 942 1276 positionem
973 1210 1092 1269 veram,
1118 1202 1307 1274 motumque
1336 1192 1377 1253 si·

427 1292 552 1370 derum,
567 1294 785 1380 rationemque
801 1292 961 1377 signorum
978 1290 1130 1355 vivaciter
1143 1303 1366 1374 assequuntur.

429 1569 509 1653 Cap.
528 1573 576 1631 19.
600 1567 652 1631 De
674 1569 855 1654 differentia
876 1565 1121 1628 Mathematicus
1139 1564 1336 1639 doctrinalis,
1350 1571 1382 1626 et

472 1673 623 1734 mathesis
637 1671 824 1753 reprobate,
836 1676 868 1733 et
877 1671 1052 1733 traditione
1066 1670 1380 1746 Mathematioorum,
1409 1672 1413 1678 ’

473 1780 504 1836 ct
518 1773 677 1836 erroribus
692 1791 811 1835 eorum.

475 1910 613 1980 venun,
629 1903 704 1988 quia
719 1877 885 1987 probabile
900 1915 958 1981 est,
968 1900 1146 1967 coelestium
1161 1901 1300 1987 aliquam
1316 1925 1382 1965 esse

432 2003 595 2077 virtutem,
612 2023 711 2086 quum
725 2015 756 2063 et
772 2000 804 2064 in
820 2016 905 2064 terra
920 2023 981 2064 non
994 2001 1143 2065 credatur
1153 2001 1275 2087 aliquid
1284 2002 1384 2088 gigni,

431 2103 519 2190 quod
542 2126 562 2166 a
581 2124 677 2165 manu
698 2102 820 2187 opificis
841 2102 913 2176 Dei,
929 2101 1050 2166 bonnm
1071 2101 1210 2188 aliquem
1233 2126 1295 2166 non
1316 2126 1386 2168 sor·

433 2208 532 2269 tiatur
546 2204 706 2268 effectum.
752 2203 814 2280 Qui
835 2203 1022 2267 curiosiores
1037 2218 1123 2282 suut,
1138 2204 1313 2270 coelcstium
1328 2229 1386 2291 po-

434 2305 566 2370 tentiam
584 2305 788 2390 investigant,
804 2319 836 2369 et
857 2305 897 2368 de
913 2304 1056 2390 singulis,
1070 2329 1146 2392 quae
1164 2307 1197 2370 in
1221 2307 1386 2372 sublunari

434 2405 532 2492 globo
546 2406 752 2492 proveniunt,
768 2409 980 2472 Astronomiae
999 2430 1064 2471 suae
1083 2406 1217 2492 regulis,
1238 2407 1387 2472 nituntur

434 2507 568 2572 reddere
582 2508 746 2572 rationem.
791 2509 852 2572 Est
867 2522 975 2572 autem
993 2508 1205 2573 Astronomiae
1220 2509 1334 2574 nobilis
1353 2523 1385 2574 et

437 2610 573 2696 gloriosa
582 2608 720 2690 scientia,
731 2610 755 2674 si
768 2609 945 2675 clientelam
959 2635 1060 2691 suam,
1069 2612 1153 2677 intra
1162 2613 1387 2678 moderationis

437 2726 537 2778 metas
558 2714 715 2791 cohibeat,
738 2737 834 2800 quam
859 2715 884 2777 si
909 2714 1066 2778 licentiori
1088 2716 1228 2779 vanitate
1250 2715 1389 2794 excedit,

437 2839 499 2880 non
514 2829 576 2881 tam
589 2817 799 2904 philosopbiae
810 2817 940 2902 species,
951 2841 1047 2903 quam
1060 2817 1233 2904 impietatis
1244 2817 1391 2903 decipula

436 2933 496 2983 est.
536 2923 585 2984 lit
608 2919 738 3004 quidem
766 2918 869 2982 multa
895 2934 970 2983 sunt
996 2920 1132 2984 mathesi
1157 2920 1337 2999 doctrinali,
1358 2929 1391 2981 et

438 3021 639 3084 divinatoriae
668 3020 802 3083 mathesi
832 3021 1024 3098 communia,
1050 3021 1106 3084 sed
1133 3020 1210 3084 dom
1237 3020 1391 3085 divinatio

438 3118 618 3182 sobrietatis
632 3140 809 3180 mensuram
832 3118 967 3190 excedit,
986 3131 1054 3182 toto
1069 3118 1226 3182 dissidens
1247 3121 1310 3183 fine
1329 3139 1392 3183 non

439 3219 582 3295 instruit,
596 3217 651 3281 sed
668 3239 760 3280 suum
777 3217 910 3281 dedocet
925 3217 1144 3302 professorem.
1189 3219 1286 3290 Quod
1307 3220 1393 3283 enim

441 3339 537 3383 nonas
563 3319 756 3404 partiuntur,
785 3319 951 3406 parallelos
977 3318 1209 3399 disterminant,
1234 3341 1305 3383 cum
1332 3318 1396 3382 sin-

442 3421 527 3506 gulis
543 3425 608 3485 suis
622 3421 787 3507 obliquant
801 3422 979 3496 zodiacum,
991 3421 1077 3507 quod
1090 3419 1198 3484 orbem
1211 3419 1277 3484 fere
1288 3434 1392 3485 totum

443 3521 560 3584 coluris
570 3519 714 3604 cingunt,
730 3521 817 3606 quod
841 3521 978 3583 laborem
992 3521 1170 3584 metiuntur
1181 3520 1394 3607 planetarum,

444 3621 530 3707 quod
567 3625 720 3707 Aplanem
756 3623 875 3685 nullius
904 3622 1019 3684 erroris
1048 3623 1236 3708 participem
1266 3623 1395 3700 faciunt,

444 3722 531 3809 quod
555 3746 574 3785 a
596 3723 669 3808 polo
691 3723 819 3800 arctico,
842 3723 884 3787 ad
906 3723 1116 3788 antarcticum
1142 3749 1234 3788 axem
1260 3724 1395 3800 ducunt,

445 3824 533 3910 quod
564 3824 653 3910 signa
683 3847 740 3912 per
770 3825 890 3908 gradus
918 3838 950 3890 et
976 3840 1097 3912 puncta
1123 3827 1285 3904 dividunt,
1311 3827 1398 3912 quod

445 3926 616 3992 orientium
638 3939 670 3991 ct
689 3927 900 3992 occidentium
926 3929 1099 4010 signorum,
1114 3942 1146 3993 et
1165 3929 1304 3993 siderum
1326 3951 1397 4013 pro

446 4029 622 4112 portionem
651 4041 769 4108 tenent,
796 4029 927 4114 utrique
953 4051 1120 4094 commune
1147 4044 1204 4094 est.
1250 4030 1400 4114 Utraque

446 4139 551 4190 tamen
574 4128 607 4190 in
629 4151 666 4190 eo
683 4127 821 4213 physicis
836 4128 1018 4214 acquiescit,
1041 4130 1130 4215 quod
1153 4128 1399 4193 teneritudinem

448 4227 614 4292 subtilium
630 4251 809 4315 corporum,
824 4229 853 4291 in
874 4230 1026 4314 quasdam
1044 4242 1145 4295 sectas
1160 4230 1237 4306 vias,
1252 4240 1285 4292 et
1299 4227 1401 4291 circu-

447 4329 550 4394 lorum
566 4331 819 4417 intracapedines
833 4352 898 4394 non
908 4331 1049 4425 'aestimat
1060 4332 1219 4418 dissipari.
1244 4333 1400 4394 Asserunt
