3425 5367
312 707 384 753 car.
402 694 492 772 uun]
675 711 931 757 ronrcanrrcus.
1225 703 1265 761 ⁵1

310 856 387 923 dum
403 860 506 923 omine
521 860 650 925 meliore
670 861 810 925 faustam
831 862 964 948 agendis
985 862 1095 926 horam
1117 865 1262 953 arripias.
1317 894 1324 908 ·

309 960 423 1025 Omnia
437 985 574 1050 namque
589 976 664 1029 sunt
680 964 811 1051 aliquid.
850 968 960 1044 Quum
975 967 1174 1053 processeris,
1189 968 1263 1031 abs·

305 1062 432 1129 condita
454 1064 639 1131 futurorum
663 1088 747 1145 aves,
775 1092 856 1154 quas
877 1068 1029 1133 ominales
1052 1081 1176 1145 vocant,
1200 1068 1263 1133 tibi

303 1166 581 1248 proenunciabunt.
626 1170 780 1247 Quaenam
796 1170 860 1235 sint
874 1170 945 1235 istae
957 1171 1042 1235 forte
1056 1170 1258 1256 interrogas?

305 1265 391 1342 Quas
412 1268 530 1333 scilicet
554 1268 595 1335 de
617 1284 733 1336 natura
754 1272 919 1337 homiuum
941 1273 974 1336 in
994 1272 1131 1337 formam
1150 1273 1259 1337 avium

303 1368 412 1433 Poetae
426 1384 572 1435 asserunt
588 1395 653 1437 esse
669 1396 846 1439 conversas.
883 1374 972 1447 Quid
989 1378 1097 1439 cornix
1106 1374 1260 1461 loquatur

306 1466 477 1553 diligenter
498 1474 656 1549 ausculta,
675 1478 838 1560 situmque
861 1477 931 1561 ejus
953 1476 1103 1552 sedentis,
1122 1489 1180 1539 aut
1203 1499 1258 1539 vo·

305 1566 403 1633 lentis
430 1571 521 1635 nullo
550 1573 645 1637 modo
670 1587 862 1641 contemnas.
907 1576 1020 1639 Refert
1046 1576 1163 1640 etenim
1190 1576 1261 1661 plu-

306 1668 433 1746 rimum,
460 1694 479 1737 a
507 1672 630 1739 dextris
659 1676 700 1740 sit
731 1700 769 1741 an
796 1700 814 1739 a
838 1677 985 1752 sinistris,
1011 1699 1078 1761 qua
1101 1676 1261 1763 positione

307 1770 455 1855 respiciat
472 1773 618 1841 cubitum
638 1775 824 1861 gradientis,
842 1777 961 1863 loquax
982 1778 1034 1853 sit,
1051 1798 1092 1839 an
1111 1775 1261 1852 clamosa,

307 1894 348 1935 an
370 1873 464 1939 silens
486 1876 625 1953 omniuo,
646 1878 805 1964 praecedat
827 1902 867 1943 an
888 1890 1049 1965 sequatur,
1070 1879 1262 1943 transeuntis

306 1988 452 2061 expectet
474 1978 660 2061 adventum,
678 2004 717 2044 an
740 1982 865 2067 fugiat3
897 2004 1000 2067 quove
1021 1980 1178 2057 discedat,
1196 2002 1259 2043 uon

307 2078 503 2165 negligenter
518 2083 656 2148 attende.
704 2085 760 2149 Ait
775 2108 915 2171 namque
930 2083 1087 2169 Virgilius

410 2191 485 2254 Quod
496 2193 548 2245 nisi
559 2211 602 2245 me
614 2212 764 2263 quacunque
775 2212 856 2249 novae
868 2194 982 2247 incidere
993 2193 1055 2246 lites

409 2276 482 2329 Ante
493 2280 598 2331 sinistro
609 2297 673 2332 cava
684 2282 827 2333 monuisset
839 2281 872 2333 ab
884 2280 944 2332 ilice
956 2280 1057 2342 cornix,

409 2361 438 2412 N
439 2380 467 2415 ec
479 2369 538 2417 tuus
550 2365 591 2417 hic
604 2365 707 2431 Moeris,
719 2384 767 2419 nec
778 2368 877 2419 viveret
888 2368 945 2437 ipse
958 2364 1105 2417 Menalcas.

306 2457 459 2535 Quamvis
481 2460 512 2524 in
538 2484 577 2525 eo
602 2461 747 2527 videatur
776 2463 808 2525 in
835 2476 936 2525 artem
962 2460 1142 2533 offendisse,
1169 2458 1259 2543 quod

308 2560 418 2625 cornix
438 2585 532 2647 quam
554 2564 631 2627 vitae
653 2564 853 2629 servatricem
876 2563 1023 2639 asseruit,
1045 2584 1152 2624 rerum
1174 2582 1261 2642 mag-

306 2682 419 2725 narum
442 2660 569 2748 ignorat
590 2661 751 2748 auspicia;
778 2664 839 2727 nisi
857 2664 941 2726 forte
958 2661 992 2725 in
1011 2685 1049 2724 ea
1069 2674 1187 2747 praeter
1206 2682 1262 2722 na-

307 2774 413 2826 turam
429 2764 485 2827 fiat
505 2774 680 2840 ostentum,
695 2763 791 2847 quale
806 2775 853 2826 est
873 2762 960 2847 quod
976 2762 1161 2825 imminente
1176 2760 1260 2823 bono

307 2875 339 2927 et
354 2875 467 2949 optato
485 2863 589 2949 perosi
612 2861 815 2949 Imperatoris
835 2862 944 2940 exitio,
959 2864 1001 2927 de
1022 2886 1102 2948 rupe
1123 2866 1260 2949 Tarpeia

307 2989 365 3053 per
381 2967 491 3033 urbem
514 2969 622 3031 cornix
645 2970 761 3033 Graeco
781 2967 908 3054 eloquio
923 2966 1067 3055 protulit,
1084 2972 1172 3033 Bene
1186 2969 1258 3030 erit,

307 3068 403 3142 Quod
418 3092 523 3154 augur
537 3072 764 3155 interpretatus
778 3069 824 3135 ita
838 3071 1000 3157 exposuit,

447 3179 539 3251 Nuper
549 3196 607 3249 quac
619 3178 687 3233 sedit
698 3178 795 3251 Tarpei
807 3178 919 3233 culmine
931 3182 1031 3242 comix‚

482 3274 531 3325 Est
541 3272 608 3324 bene
620 3290 669 3324 uon
683 3273 767 3343 potuit
778 3272 871 3336 dicere,
883 3273 953 3324 dixit
964 3272 1032 3323 Erit.

307 3368 368 3433 Sed
383 3370 527 3455 ignosces
538 3369 608 3432 viro
622 3368 808 3433 doctissimo
818 3366 1012 3433 rusticanam
1026 3366 1258 3452 simplicitatem

306 3470 509 3558 exprimenti,
533 3484 589 3535 aut
615 3471 692 3557 quia
717 3491 896 3556 pauperum
923 3470 1002 3549 vita,
1026 3469 1181 3534 divitibus
1210 3491 1259 3532 ree

307 3574 453 3641 videatur
473 3572 601 3659 exigua,
617 3572 672 3658 qui
693 3573 869 3637 humanum
889 3594 992 3658 genus
1012 3586 1049 3635 ut
1071 3572 1182 3659 paucis
1197 3595 1259 3635 ser-

309 3679 387 3753 viat,
410 3689 552 3741 asserunt
580 3675 774 3741 institutum.
822 3676 948 3737 Corvus
970 3697 1057 3755 vero,
1080 3697 1173 3760 quem
1196 3697 1258 3741 non

309 3778 421 3843 minori
441 3776 610 3862 diligentia
629 3777 822 3848 observabis,
840 3775 935 3839 rebus
958 3777 1133 3861 majoribus
1152 3778 1258 3861 auspi·

308 3892 410 3958 catur,
438 3892 470 3945 et
500 3900 733 3965 usquequaque
758 3876 874 3943 comici
900 3877 1104 3963 praejudicat.
1160 3878 1261 3940 Porro

307 4004 430 4067 cygnus
455 3985 489 4047 in
512 3980 668 4066 auguriis,
691 3982 757 4044 oles
781 3981 971 4061 gratissima
997 3979 1120 4052 nautia,
1147 3988 1260 4062 utpote

309 4104 381 4169 quoe
395 4105 549 4171 equamm
565 4080 739 4147 domestica
760 4079 901 4167 quadam
918 4079 1021 4165 gratia
1036 4074 1261 4142 familiaritatis

309 4185 480 4251 eorundem
497 4198 616 4251 secreta
639 4185 842 4269 praenoverit.
886 4183 940 4243 An
960 4182 1061 4246 nescis
1076 4177 1164 4262 apud
1189 4177 1262 4238 Ma-

312 4306 417 4351 rouem

758 4402 778 4445 n
795 4390 815 4445 2
