3425 5367
446 662 488 721 40
703 672 839 719 sonuum
855 672 1135 719 samsarnruusrs
1276 656 1359 735 [arn.
1377 678 1401 723 r.

449 836 508 905 est,
522 835 553 889 et
569 825 677 888 crateri
692 823 812 908 quibus
823 824 993 889 descensus
1007 826 1045 891 fit
1059 825 1092 887 iu
1109 823 1269 888 lasciviam
1284 843 1317 889 et
1331 848 1401 891 cor·

446 926 637 1012 ruptionem.
677 925 792 991 Annon
808 926 920 990 recolis
935 926 1091 992 Ciconum
1107 938 1224 990 matres
1238 940 1271 991 et
1286 950 1397 1008 nurus,

447 1040 547 1092 totam
569 1026 819 1111 indignationem
842 1050 929 1093 snam
953 1029 986 1092 in
1014 1028 1191 1115 Orpheum,
1213 1029 1271 1115 qui
1296 1051 1399 1093 mares

448 1129 551 1194 modis
572 1130 638 1193 suis
660 1128 919 1205 effoeminarcrat,
944 1153 1045 1216 usque
1067 1130 1108 1193 ad
1129 1132 1300 1195 Parcarum
1318 1131 1400 1194 iuvi..

448 1230 532 1294 diam
556 1230 718 1309 effudisse,
733 1229 805 1295 licet
827 1230 881 1293 ille
902 1230 1027 1296 flexerit
1048 1254 1166 1308 manes,
1182 1231 1400 1317 duritiamque

449 1331 537 1397 Ditis
552 1330 714 1409 mollierit,
731 1330 994 1417 Eurydioemque
1009 1354 1098 1395 suam
1113 1332 1200 1395 vocis
1214 1332 1328 1415 gratia,
1342 1330 1402 1398 etsi

446 1433 586 1497 infausta
601 1444 685 1497 sorte
700 1433 872 1496 meruerit?
895 1432 1024 1496 Exinde
1038 1432 1223 1519 hujusmodi
1234 1430 1399 1496 hominum

448 1543 591 1617 questus
606 1531 796 1618 plerumque
810 1531 936 1597 felicem
959 1533 1082 1597 exitum
1098 1556 1160 1597 nou
1176 1547 1351 1620 exspectat,
1365 1545 1399 1608 et

448 1634 541 1712 sorte,
557 1634 634 1719 quia

585 1784 648 1836 Non
658 1784 740 1838 habel
750 1789 859 1837 aventus
870 1786 973 1837 sordida
984 1786 1071 1857 proeda
1081 1786 1171 1839 bonos.

448 1924 620 2004 Quae'rero
638 1938 758 1990 mentes
777 1925 955 2002 emolliunt,
976 1949 1142 2013 moresque
1162 1927 1363 2008 subvertunt,
1377 1953 1398 1995 a

447 2038 556 2091 nostra
577 2038 672 2090 aetate
694 2025 836 2111 undique
858 2026 1091 2106 adsciscuntur,
1114 2028 1187 2093 licet
1209 2028 1278 2114 ipsa
1299 2030 1397 2107 ultra,

446 2149 542 2213 quam
567 2127 643 2191 satis
664 2139 722 2204 est,
746 2126 831 2191 vitiis
859 2128 924 2192 suis
949 2129 1102 2194 abundet.
1149 2129 1181 2193 Si
1204 2151 1397 2217 quemquam

446 2250 554 2297 eorum
572 2228 626 2315 qui
643 2228 861 2300 vehementius
881 2229 931 2294 his
946 2230 1107 2306 insistunt,
1122 2254 1251 2316 gravem
1270 2233 1399 2311 videris,

446 2330 471 2395 si
494 2329 686 2405 modestum,
711 2330 737 2393 si
766 2330 931 2417 pudicum,
953 2332 1031 2397 viris
1053 2331 1190 2397 fortibus
1216 2347 1395 2398 nostrorum

447 2444 626 2516 temporum
650 2432 753 2518 ipsum
774 2454 1002 2498 connumerare
1018 2433 1205 2499 memineris.
1250 2435 1399 2512 Quando-

447 2532 577 2620 quidem
602 2532 671 2599 haec
693 2556 764 2599 rara
788 2534 856 2599 avie
881 2546 941 2608 est,
987 2533 1123 2599 Proinde
1148 2536 1278 2622 quidam
1306 2559 1397 2600 vene-

446 2634 555 2700 rabilis
577 2636 636 2716 vir,
654 2634 778 2701 circiter
799 2635 1070 2722 septingentarum
1092 2637 1274 2703 monialium
1296 2652 1397 2724 pater,

444 2738 525 2802 hauc
551 2736 747 2803 monasteriis
778 2738 843 2804 suis
872 2737 1066 2825 proeacripsit
1091 2738 1204 2825 legem,
1230 2752 1266 2811 ut
1292 2739 1397 2803 omnia

444 2862 553 2905 earum
575 2838 707 2923 cantica,
727 2839 826 2905 totius
848 2840 968 2904 melicae
988 2841 1258 2927 pronunciationis
1277 2854 1396 2909 exuant

444 2942 565 3017 modos,
588 2954 618 3007 et
647 2954 683 3007 ut
706 2941 771 3013 sola
791 2942 984 3029 psalmorum
1006 2955 1037 3005 et
1061 2942 1191 3005 laudum
1216 2943 1279 3006 sint
1302 2941 1397 3027 sigui·

409 3062 414 3073 ’
443 3044 569 3110 ficativa
586 3044 847 3129 pronunciatione
862 3054 1030 3107 contentas,
1077 3044 1232 3126 Suspecta
1247 3044 1397 3128 equidem

442 3144 506 3208 fuit
527 3154 635 3208 sancto
658 3144 725 3208 viro
747 3145 905 3231 voluptati
926 3152 1061 3227 cognata
1076 3141 1235 3222 mollities,
1249 3166 1288 3205 eo
1308 3145 1396 3229 quud

442 3245 590 3333 voluptas
605 3268 718 3332 parens
740 3246 910 3311 libidinum
931 3255 989 3309 est.
1035 3242 1122 3320 Quid
1139 3243 1224 3328 quod
1241 3244 1309 3309 lraec
1323 3246 1396 3331 ipsa

441 3348 698 3435 quotidianorum
725 3350 944 3414 conviviorum
975 3345 1127 3410 malitiam
1158 3346 1265 3421 acuit3
1300 3371 1337 3412 ac
1367 3352 1395 3415 si

443 3476 573 3529 venena,
588 3452 648 3515 nisi
667 3451 807 3515 toxicata
830 3453 905 3527 sint,
919 3470 1032 3511 nocere
1053 3468 1114 3511 nou
1139 3451 1284 3532 possint?
1322 3449 1395 3535 igni

441 3554 592 3640 stipulam
607 3552 736 3631 addere,
746 3551 851 3613 oleum
868 3548 1003 3629 camino,
1013 3561 1192 3633 serpentem
1208 3550 1394 3629 intoxicare,

442 3675 545 3721 nonne
571 3650 731 3721 dementia
753 3651 824 3712 est?
860 3646 951 3713 Licet
976 3667 1080 3711 rorum
1102 3648 1181 3713 vitia
1201 3650 1396 3736 obtegantur

442 3752 513 3816 velo
535 3752 715 3831 verborum,
738 3768 876 3835 quorum
896 3747 1005 3813 eadem
1029 3745 1208 3814 substantia
1229 3760 1288 3829 est,
1307 3751 1396 3815 nulla

442 3854 586 3941 prolecto
607 3852 786 3917 differentia
805 3861 863 3915 est.
908 3846 993 3925 Qua
1013 3848 1101 3937 apud
1123 3850 1257 3916 Groeoos
1279 3875 1396 3938 coepu-

443 3957 569 4020 lationis
584 3966 641 4021 aut
660 3951 904 4038 compotationis
922 3962 1091 4016 censentur
1111 3952 1250 4032 nomine,
1266 3975 1285 4015 a
1304 3952 1396 4017 nobis

443 4056 615 4126 honestiori
626 4054 753 4129 nomine
763 4054 908 4118 convivia
923 4052 1138 4118 nominantur.
1170 4055 1284 4119 Coetus
1298 4053 1396 4141 siqui-

443 4161 515 4223 dem
538 4157 785 4232 conviventium,
808 4178 904 4241 quam
927 4155 1163 4242 coepulantium
1186 4170 1243 4221 aut
1269 4179 1396 4241 compo

444 4262 579 4330 tantium
605 4258 812 4335 venerabilior
834 4272 891 4324 est.
938 4259 1094 4323 Convivia
1116 4280 1190 4328 raro
1213 4281 1316 4330 noune
1338 4281 1396 4343 per
