3425 5367
327 759 396 803 cae.
412 739 459 820 v.]
686 754 942 803 moronamcus.
1224 748 1282 807 173

328 908 466 972 bominis
480 907 537 993 qui
552 907 584 970 iu
600 906 669 992 ipso
683 920 741 972 est.
787 909 884 972 Unde
904 908 991 994 apud
1010 909 1180 994 Virgilium
1196 934 1279 975 com-

326 1030 384 1092 pos
406 1008 454 1071 sui
477 1021 595 1093 pastor,
611 1020 644 1072 ct
665 1008 862 1093 sapientibus
884 1021 916 1073 et
938 1014 1060 1095 magnis
1083 1010 1157 1075 viris
1180 1012 1278 1076 nostri

328 1109 479 1194 temporis
493 1108 628 1186 doctior,
642 1108 700 1184 ait,

676 1226 725 1279 Me
736 1244 837 1295 quoque
849 1227 948 1295 dicunt,

431 1312 528 1366 Vatem
540 1318 670 1384 pastorem
688 1312 735 1364 sed
746 1330 798 1365 non
811 1332 862 1381 ego
874 1315 992 1369 credulus
1004 1316 1064 1369 illis.

430 1398 475 1450 Tu
486 1416 589 1467 quoque
600 1399 708 1469 praeviso
720 1399 743 1450 si
756 1398 838 1469 palles
850 1401 965 1472 improbe
977 1420 1090 1468 nummo,

432 1484 462 1536 Si
473 1484 546 1548 facis,
559 1486 586 1536 in
597 1502 691 1555 penem
703 1486 824 1554 quicquid
835 1487 884 1539 tibi
896 1490 968 1541 veuit
980 1508 1104 1541 amorum.

329 1596 421 1659 Licet
445 1609 478 1660 te
504 1609 571 1660 tota
593 1596 707 1659 vicinia
729 1597 908 1663 modestum
934 1600 1031 1681 dicat,
1054 1625 1089 1665 ac
1113 1602 1280 1687 pudicum,

327 1699 458 1763 minime
474 1698 523 1762 vel
534 1697 718 1785 jurantibus
735 1701 855 1764 credas.
902 1702 1088 1767 Memoriter
1104 1716 1175 1769 tene
1190 1704 1279 1790 quod

327 1800 484 1885 parvulus
498 1800 647 1882 didicisti,

432 1918 498 1973 Plus
508 1920 568 1972 aliis
579 1920 613 1972 de
625 1926 661 1986 te,
673 1938 752 1989 quam
763 1926 792 1973 tu
805 1921 853 1973 tibi
865 1921 979 1987 credere,
991 1921 1052 1977 noli.

329 2023 403 2087 Non
416 2023 507 2088 facile
521 2023 669 2101 dixerim,
682 2037 755 2089 uter
766 2024 807 2088 sit
819 2026 906 2109 prior
921 2024 953 2088 in
966 2024 1055 2103 vitio,
1067 2026 1124 2111 qui
1139 2024 1279 2113 linguam

327 2124 566 2189 adulationibus
587 2125 714 2211 polluit,
729 2138 787 2190 aut
803 2127 896 2211 cujus
917 2150 970 2191 cor
992 2150 1031 2191 ex
1047 2128 1091 2192 eis
1106 2152 1138 2193 se
1153 2130 1186 2193 in
1202 2130 1281 2195 laeti-

328 2225 405 2289 tiam
420 2226 559 2291 resolvit.
606 2228 646 2289 Iu
662 2227 722 2291 hoc
742 2226 825 2293 enim
840 2226 985 2293 elationis
999 2230 1143 2305 caecitas;
1166 2231 1200 2295 in
1215 2232 1281 2311 illo,

328 2326 415 2392 fraus
437 2328 618 2392 excaecandi
639 2328 822 2393 damnatur.
869 2328 1000 2415 Ubique
1015 2353 1090 2394 vero
1110 2332 1281 2415 damnatur

327 2426 433 2505 dolus,
448 2428 504 2493 sed
524 2443 556 2493 et
578 2429 717 2505 caecitas,
738 2451 809 2514 quae
831 2451 851 2491 a
870 2429 1019 2515 superbia
1041 2444 1101 2508 est,
1121 2454 1280 2519 nusquam

328 2530 515 2596 absolvitur.
560 2535 642 2597 Esto
656 2531 745 2618 quod
761 2530 910 2595 adulator
926 2532 966 2596 sit
982 2533 1127 2618 nequior,
1143 2534 1202 2602 istc
1217 2558 1280 2599 non

328 2632 435 2695 miuus
449 2632 673 2698 contemtibilis
692 2649 750 2697 est.
799 2634 866 2695 Nec
889 2647 1056 2719 caperetur
1078 2634 1197 2721 linguae
1213 2648 1280 2699 ten-

327 2734 443 2799 diculis
466 2734 589 2811 alienae,
614 2735 639 2798 si
665 2758 728 2797 nou
752 2734 953 2798 blandiretur
981 2734 1049 2820 ipse
1079 2736 1148 2801 sibi.
1193 2737 1279 2814 Quid

326 2836 436 2921 itaque
447 2836 546 2900 alium
562 2837 667 2923 arguit
683 2836 888 2914 adulationis,
899 2836 954 2921 qui
967 2836 1094 2901 sibimet
1109 2837 1278 2903 adulatur?

330 2940 370 3001 Iu
400 2961 466 3023 quo
495 2939 576 3001 euim
614 2938 713 3003 alium
742 2952 884 3016 accusat,
914 2938 1050 3025 seipsum
1080 2939 1279 3006 condemnat.
1338 3018 1339 3022 Ἰ

328 3040 451 3105 Eadem
467 3040 550 3104 enim
566 3041 653 3119 facit,
664 3064 737 3127 quae
747 3040 884 3127 judicat.
916 3042 983 3120 Vae,
994 3040 1096 3127 iuquit
1109 3042 1279 3121 Dominus,

328 3143 384 3229 qui
407 3155 565 3206 consuunt
590 3142 741 3228 pulvillos
763 3143 823 3207 sub
848 3142 935 3209 omni
964 3143 1074 3208 cubito
1100 3166 1223 3222 manus,
1247 3158 1279 3210 et

326 3256 451 3331 ponunt
460 3244 631 3308 'cervicalia
646 3245 707 3309 sub
722 3244 827 3331 capite
842 3245 995 3310 universae
1011 3246 1124 3311 aetatis.
1157 3248 1282 3331 Utique

326 3346 477 3432 pulvillos
498 3358 669 3425 consuunt,
693 3346 749 3432 qui
769 3345 900 3411 auribus
922 3361 1036 3432 parant
1058 3346 1199 3423 insidias,
1223 3348 1279 3432 qui

326 3471 407 3511 vana
422 3460 454 3512 et
469 3447 578 3512 mollia
600 3461 785 3533 congerunt,
803 3448 920 3533 quibus
936 3470 1045 3512 sensus
1067 3447 1279 3527 demulceant,

327 3551 382 3637 qui
404 3572 500 3635 opera
521 3550 744 3614 commendant
763 3549 940 3627 hominum,
958 3562 994 3614 ut
1016 3572 1070 3613 eos
1089 3550 1183 3615 famae
1198 3574 1283 3637 prae·

327 3652 436 3725 coniis,
452 3665 484 3715 et
499 3652 640 3738 quadam
656 3655 745 3718 suavi
761 3652 967 3739 jucunditate
982 3652 1111 3730 favoris,
1127 3652 1280 3719 inducant

327 3752 369 3815 ad
390 3750 540 3837 quietem.
586 3753 676 3817 Usus
695 3752 778 3816 enim
796 3752 972 3839 pulvinaris
993 3766 1024 3818 et
1046 3755 1218 3835 cervicalis,
1233 3770 1280 3821 est

328 3852 480 3917 mollicies
508 3853 634 3940 quietis.
689 3853 843 3918 Pulvinar
868 3876 945 3937 ergo
973 3853 1033 3917 sub
1056 3856 1142 3917 omui
1171 3856 1281 3920 cubito

327 3977 440 4020 manus
454 3956 595 4043 ponitur,
610 3956 740 4041 quando
755 3978 818 4019 non
842 3953 938 4019 modo
952 3954 1105 4040 operatio,
1122 3956 1176 4021 sed
1192 3957 1281 4043 quic-

326 4058 404 4143 quid
420 4059 450 4123 ei
465 4058 591 4145 adjacet
605 4056 853 4122 commendatur.
886 4059 995 4143 Caput
1010 4061 1162 4123 universae
1177 4060 1281 4125 aetatis

326 4160 474 4225 cervicali
498 4160 736 4246 superponitur,
756 4159 832 4224 dum
854 4159 928 4245 quis
950 4158 1148 4225 adulantium
1165 4164 1279 4239 verbis,

327 4260 360 4323 in
383 4261 482 4325 totius
504 4262 579 4327 vitae
601 4261 752 4347 operibus
773 4261 962 4327 delectatur.
1008 4262 1053 4326 Et
1076 4262 1169 4327 alibi:
1203 4264 1283 4349 Ipse

326 4361 505 4428 aedificabat
520 4364 686 4453 parietem,
702 4364 748 4427 illi
771 4376 878 4428 autem
894 4362 1047 4427 liniebant
1063 4386 1146 4428 curn.
1193 4364 1281 4427 Pari-
