3425 5367
454 710 495 767 22
711 724 847 769 rornrus
862 722 1138 773 sanusnemuusrs
1278 713 1363 790 [tre.
1380 733 1404 779 r.

453 874 522 941 baec
542 884 616 941 sunt
630 876 733 960 prima
754 879 910 945 elementa
932 879 1067 957 virtutis,
1081 879 1152 945 haee
1174 880 1225 945 via
1238 882 1346 949 felices
1360 886 1402 950 ad

451 978 662 1043 beatitudinis
677 980 852 1057 cumulum,
864 980 1093 1064 compendioso
1108 981 1255 1063 perducit
1268 987 1404 1063 tramite,

452 1102 516 1164 quo
529 1080 665 1165 majores
675 1081 774 1145 nostri
786 1102 851 1145 non
863 1082 924 1145 nisi
936 1083 1104 1146 laboriosae
1116 1080 1239 1147 virtutis
1250 1085 1403 1165 gradibus

451 1181 624 1247 docuerant
639 1182 888 1247 ascendendum.
919 1181 1113 1247 AEmilianos
1127 1183 1303 1266 etLigures
1315 1188 1403 1252 Galli

450 1281 607 1361 derident,
621 1282 765 1347 dicentes
785 1303 840 1359 eos
854 1292 1046 1347 testamenta
1064 1283 1234 1363 conficere,
1250 1284 1401 1352 viciniam

450 1404 638 1462 convocare,
662 1404 821 1448 armorum
845 1384 1013 1466 implorare
1038 1384 1200 1467 praesidia,
1225 1386 1254 1450 si
1279 1387 1399 1453 finibus

450 1506 558 1549 eorum
576 1485 704 1551 testudo
727 1487 902 1561 immineat,
922 1507 1016 1569 quam
1040 1496 1185 1569 oporteat
1205 1489 1398 1572 impugnari.

449 1588 545 1661 Quod
562 1609 605 1653 ex
627 1610 667 1653 eo
690 1590 902 1672 componitur,
918 1588 1006 1673 quod
1028 1610 1084 1654 cos
1103 1611 1270 1675 nunquam
1292 1592 1398 1677 cujus-

447 1712 573 1775 cunque
596 1689 779 1754 certaminis
801 1710 895 1757 casus
916 1690 1040 1755 invenit
1059 1690 1241 1775 imparatos.
1288 1694 1398 1759 Nostri

447 1814 521 1857 vero
545 1791 707 1875 quomodo
730 1791 862 1857 ludibrii
884 1800 976 1855 notas
999 1793 1165 1875 effugiunt,
1188 1814 1263 1859 cum
1285 1795 1397 1879 majori

448 1892 634 1955 tumultuet
656 1890 780 1971 aegriori
802 1890 1017 1968 solicitudine,
1037 1900 1069 1955 et
1089 1892 1237 1975 ampliori
1258 1904 1398 1977 sumptu,

447 1994 579 2059 solenne
608 1992 728 2055 bellum
757 1991 892 2055 credant
920 1992 1032 2057 bestiis
1061 1992 1292 2061 indicendum?
1330 1997 1399 2060 Eas

448 2106 553 2159 tamen
577 2093 686 2157 mitius
711 2104 962 2177 prosequuntur,
982 2115 1057 2159 cum
1081 2096 1200 2178 quibus
1221 2097 1396 2163 humanum

446 2217 546 2279 genus
555 2195 673 2279 justas,
684 2216 792 2259 earum
808 2196 959 2276 exigente
973 2196 1105 2274 malitia,
1114 2209 1246 2264 exercet
1259 2200 1396 2264 inimici·

446 2300 516 2363 tias.
541 2298 937 2381 Lupus‚vulpcs‚ursus,et
946 2317 1146 2382 quaecunque
1155 2300 1221 2363 fera
1229 2302 1396 2367 nocentior

447 2411 505 2477 est,
527 2400 560 2461 iu
581 2398 710 2463 aliarum
733 2399 867 2481 quiescit
889 2420 1018 2477 occasu,
1041 2409 1074 2463 et
1097 2401 1224 2466 solitam
1245 2424 1395 2468 exercere

444 2502 609 2574 malitiam,
635 2500 667 2563 in
694 2511 880 2563 venatorum
905 2501 988 2565 facie
1013 2522 1077 2565 non
1104 2512 1238 2567 veretur.
1283 2506 1395 2571 Fertur

445 2603 610 2667 Hannibal
640 2600 795 2669 occidisse
826 2603 1019 2681 Romanum,
1049 2604 1104 2686 qui
1133 2604 1284 2667 mandato
1314 2605 1394 2689 ejus,

443 2702 597 2785 singulari
622 2702 795 2767 certamine
819 2712 1020 2785 percusserat
1042 2700 1257 2787 elephantem,
1279 2702 1394 2767 diceus

444 2828 515 2869 eum
540 2804 708 2884 indignum
732 2805 807 2882 rita,
831 2805 886 2887 qui
910 2806 984 2886 cogi
1010 2814 1159 2888 potuerat
1184 2826 1259 2869 cum
1281 2804 1394 2871 bestiis

444 2908 605 2972 dimicare.
643 2907 736 2969 Licet
759 2907 863 2969 verius
885 2903 928 2970 sit
950 2927 1024 2971 eum
1047 2928 1090 2971 ex
1111 2906 1233 2971 invidia
1255 2909 1395 2973 noluisse

443 3006 603 3087 captivum
615 3003 750 3065 inauditi
761 3003 915 3085 triumphi
926 3006 1026 3083 gloria
1037 3006 1197 3084 illustrari,
1206 3018 1239 3071 et
1248 3009 1393 3075 infamari

442 3104 572 3179 bestias,
587 3122 719 3184 quarum
742 3103 856 3163 virtute
871 3103 1020 3184 gentibus
1040 3114 1187 3167 terrorem
1207 3107 1392 3172 incusserat
1505 3156 1508 3164 .

442 3203 612 3279 Quomodo
633 3222 707 3283 crgo
729 3201 847 3283 dignus
861 3214 910 3267 est
930 3202 1006 3279 vita,
1022 3202 1077 3286 qui
1099 3202 1179 3265 nibil
1195 3205 1282 3269 aliud
1302 3210 1394 3271 novit

440 3310 475 3371 in
490 3306 564 3385 vita,
580 3304 640 3368 nisi
661 3304 808 3371 vanitatis
823 3304 929 3369 studio
949 3305 1060 3369 saevire
1075 3305 1110 3369 in
1131 3305 1273 3371 bestias?
1300 3309 1392 3381 Quos

440 3430 514 3473 vero
537 3402 661 3491 species
683 3407 738 3471 illa
760 3408 939 3473 venationis
961 3408 1161 3486 oblectatur
1182 3430 1258 3475 ares
1279 3411 1392 3477 avibus

440 3514 661 3591 insequantur,
683 3508 711 3571 si
733 3518 840 3571 tamen
862 3508 925 3573 hoc
948 3530 1048 3589 genus
1072 3510 1202 3593 aucupii
1227 3513 1391 3578 venationi

441 3630 573 3676 censeas
596 3608 844 3683 annectendum,
868 3610 986 3673 mitiori
1010 3610 1142 3694 quidem
1164 3624 1320 3677 vexantur
1341 3614 1388 3678 in·

441 3711 541 3783 sauia,
557 3707 613 3771 sed
629 3729 695 3770 non
717 3710 830 3793 imperi
844 3712 984 3777 levitate.
1021 3711 1179 3778 Venatica
1199 3725 1263 3777 tam
1280 3723 1391 3777 terres·

441 3814 498 3877 tris
513 3832 608 3895 quam
623 3810 709 3875 aeria
724 3822 844 3893 quanto
859 3812 1002 3892 solidior,
1016 3824 1105 3879 tauto
1126 3814 1318 3879 fructuosior
1332 3824 1390 3879 est.

440 3918 612 3977 Auctorem
648 3912 871 3993 occupationis
900 3935 966 3978 suae
1001 3915 1042 3977 ab
1076 3910 1217 3994 antiquis
1250 3916 1391 3979 historiis

440 4014 572 4081 Ulixem
593 4014 767 4096 proferunt,
789 4016 844 4097 qui
863 4016 984 4097 primus
1003 4015 1115 4079 excisa
1135 4013 1232 4096 Troja
1253 4025 1390 4080 armatas

438 4135 513 4181 aves
528 4114 634 4179 attulit
644 4112 790 4191 Graeciae,
802 4136 882 4197 quas
893 4115 983 4177 suavi
995 4113 1133 4195 quadam
1146 4124 1179 4177 et
1189 4123 1278 4193 grata
1289 4115 1389 4177 admi·

438 4217 559 4283 ratione
569 4213 756 4291 videntium,
766 4213 799 4275 in
809 4214 938 4295 cognati
948 4213 1217 4294 generisexitinm
1227 4215 1387 4283 animavit

439 4318 498 4383 Isti
513 4314 642 4401 quidem
659 4336 776 4396 magno
792 4336 826 4379 se
842 4324 971 4379 tuentur
980 4312 1104 4398 Judice,
1119 4324 1152 4377 et
