3425 5367
447 713 512 773 268
709 726 845 775 Jounms
862 726 1138 775 sannsnamausrs
1272 708 1352 794 [mn.
1370 730 1397 776 ν.

448 878 585 960 nomine,
609 880 652 943 sic
680 884 766 947 Deus
792 903 901 945 omnes
925 880 1059 966 replebit
1085 880 1212 957 electos,
1239 894 1286 959 ut,
1313 882 1398 947 omni

447 982 631 1048 infirmitate
654 998 684 1049 et
712 985 924 1049 mutabilitate
948 984 1109 1070 absorpta,
1136 1008 1234 1071 quum
1264 986 1398 1051 mortale

448 1083 727 1163 immortalitatem,
754 1102 787 1151 et
816 1087 1035 1173 corruptibile,
1061 1086 1396 1173 incorruptibilitatem

447 1184 599 1263 induerit,
612 1186 702 1250 Deus
716 1187 782 1251 fere
798 1188 885 1253 solus
900 1189 931 1251 in
948 1188 1095 1253 omnibus
1106 1202 1305 1273 agnoscatur.
1344 1188 1394 1255 Ad

395 1306 399 1312 ’
446 1286 528 1352 hanc
551 1288 694 1353 nonnulli
718 1290 905 1354 sententiam
920 1290 1074 1366 referunt,
1090 1289 1179 1375 quod
1202 1290 1306 1373 angeli
1327 1290 1395 1375 jam

447 1388 568 1454 futurae
597 1389 805 1454 beatitudinis
837 1389 1017 1475 participes,
1046 1388 1106 1454 visi
1140 1391 1181 1453 ab
1216 1390 1397 1453 hominibus

355 1571 358 1576 γ
446 1488 631 1565 adorantur,
647 1514 684 1555 eo
700 1490 787 1576 quod
802 1492 835 1554 in
851 1490 896 1554 eis
910 1490 977 1553 visa
991 1503 1038 1555 est
1060 1490 1206 1576 quaedam
1232 1490 1398 1576 praesentia

365 1584 383 1656 f
447 1589 585 1668 deitatis,
612 1614 713 1677 quum
736 1606 841 1657 tamen
864 1606 1041 1655 creaturam
1064 1613 1084 1654 a
1105 1604 1250 1655 creatura
1272 1590 1397 1655 adorari

446 1692 576 1756 omnino
590 1716 652 1757 non
669 1692 770 1759 liceat.
816 1692 869 1758 Sic
883 1692 979 1757 etiam
1002 1692 1035 1755 in
1052 1692 1132 1756 facie
1155 1691 1327 1757 Salvatoris
1341 1692 1397 1757 ali·

446 1794 526 1879 quid
549 1796 677 1861 deitatis
699 1796 907 1882 resplenduit,
925 1794 1055 1881 quando
1077 1794 1117 1858 de
1139 1794 1291 1859 funiculis
1312 1795 1397 1859 facto

446 1894 584 1982 flagello,
596 1896 768 1963 vendentes
778 1910 811 1961 et
825 1908 965 1961 ementes
979 1896 1071 1983 ejecit
1085 1896 1126 1961 de
1140 1896 1270 1981 templo,
1282 1895 1397 1960 docens

446 2019 570 2060 omnem
595 1998 841 2080 negotiationem
865 1997 1138 2062 exterminandam
1165 2020 1232 2062 esse
1257 2020 1276 2060 a
1302 1996 1396 2061 domo

445 2097 606 2162 orationis.
654 2100 693 2161 In
719 2099 789 2163 aliis
814 2122 890 2163 vero
915 2099 974 2163 etsi
1003 2098 1086 2163 adsit
1112 2098 1289 2163 divinitatis
1313 2120 1396 2184 prae·

446 2200 558 2279 sentia,
572 2200 739 2286 plenitudo
760 2202 828 2287 ejus
842 2202 874 2265 in
898 2202 1047 2288 praesenti
1069 2223 1272 2287 nequaquam
1295 2200 1396 2280 adest,
1475 2226 1478 2233 ·

447 2300 502 2366 sed
528 2325 760 2390 usquequaque
785 2303 882 2369 latere
907 2326 971 2368 non
998 2316 1112 2390 potest.
1159 2304 1220 2367 Est
1242 2302 1342 2385 igitur
1362 2303 1396 2365 in

446 2404 610 2492 majestate
632 2406 794 2485 mirabilis,
815 2406 1003 2472 venerabilis
1025 2406 1056 2469 in
1081 2405 1244 2490 sapientia,
1267 2428 1287 2469 a
1308 2403 1395 2468 boni-

446 2520 513 2573 tate
533 2507 687 2583 amabilis,
710 2522 742 2573 et
765 2509 850 2573 hunc
875 2508 995 2574 cultum
1021 2509 1102 2573 citra
1126 2528 1250 2570 omnem
1277 2506 1394 2569 medie-

446 2620 544 2673 tatem
571 2621 676 2696 potest
705 2609 734 2672 ei
763 2609 867 2673 fidelis
895 2608 1078 2695 impendere
1103 2622 1258 2673 creatura.
1307 2604 1393 2683 Quid

445 2708 529 2773 enim
545 2732 669 2774 necesse
683 2721 731 2774 est
745 2709 786 2773 ad
802 2710 862 2773 hoc
874 2722 910 2774 ut
922 2732 994 2773 eum
1008 2709 1187 2786 timeamus,
1200 2728 1396 2785 veneremur,

445 2823 477 2875 ct
493 2810 686 2895 diligamus?
717 2812 763 2877 Et
778 2811 830 2875 bic
844 2811 927 2875 forte
942 2824 989 2875 est
1004 2810 1167 2874 funiculus
1182 2809 1298 2895 triplex
1313 2808 1396 2875 inter

444 2926 616 2978 creatorem
639 2927 672 2978 et
694 2927 884 2991 creaturam,
900 2917 955 2999 qui
978 2912 1069 2977 facile
1091 2909 1170 2976 solvi
1192 2934 1255 2975 non
1277 2921 1396 2999 potest.

448 3016 511 3081 Sed
541 3018 682 3082 omnium
711 3017 911 3081 tenacissima
939 3029 987 3081 est
1017 3019 1064 3080 vis
1093 3017 1217 3080 amoris.
1271 3017 1395 3082 Caritas

446 3118 603 3202 siquidem
633 3141 797 3204 nunqnam
828 3118 957 3199 excidit,
986 3141 1060 3205 quae
1089 3120 1115 3182 si
1144 3118 1218 3204 quis
1252 3116 1394 3182 adhaeret

444 3220 527 3300 Deo,
541 3220 651 3287 unitur
665 3222 704 3301 ei,
719 3232 751 3286 et
765 3243 838 3285 cum
855 3244 893 3285 eo
909 3244 992 3285 unus
1014 3218 1145 3306 spiritus
1167 3232 1225 3285 est.
1270 3218 1393 3302 Utique

442 3322 499 3409 qui
515 3311 625 3389 unitur
639 3328 680 3399 ei,
692 3336 725 3390 et
740 3327 823 3390 sicut
839 3346 923 3389 uuus
938 3322 1080 3409 spiritus,
1097 3324 1141 3387 sic
1156 3320 1318 3387 familiaris
1332 3332 1391 3395 est,

443 3439 476 3492 et
495 3426 537 3491 ab
559 3428 713 3513 obsequio
735 3429 805 3514 ejus
829 3426 919 3514 quod
943 3440 989 3491 est
1014 3425 1046 3489 in
1071 3412 1308 3511 spiritu,'arceri
1330 3442 1392 3485 non

443 3542 556 3614 potest.
608 3529 667 3594 Ille
690 3542 797 3594 autem
823 3529 938 3605 cultus,
962 3526 1075 3615 quiin
1099 3525 1264 3592 exterioris
1288 3522 1392 3609 operis

443 3628 638 3694 exhibitione
660 3631 814 3706 consistit,
829 3630 935 3693 medio
954 3630 1089 3717 indiget,
1104 3652 1142 3693 co
1165 3627 1252 3715 quod
1267 3626 1308 3691 ad
1331 3628 1394 3712 spi-

442 3732 550 3812 ritum,
565 3731 735 3818 corporalis
749 3732 841 3798 nobis
857 3754 919 3795 non
945 3744 1033 3818 patet
1057 3754 1218 3797 accessus:
1249 3728 1337 3817 quod
1363 3739 1393 3790 et

442 3834 533 3900 illum
548 3833 679 3921 planum
694 3847 742 3899 cst
758 3833 915 3908 docuisse,
930 3836 987 3920 qui
1007 3836 1040 3898 in
1064 3833 1260 3898 Samaritana
1282 3830 1393 3894 Eccle-

442 3935 521 4001 siam
546 3936 715 4017 instruens,
737 3936 798 4001 ait:
840 3936 979 4023 Spiritus
1004 3948 1052 4000 est
1078 3938 1179 4012 Deus,
1201 3945 1232 3997 et
1256 3952 1310 3994 eos
1335 3930 1391 4014 qui

441 4038 553 4101 volunt
567 4037 709 4113 adorare,
725 4038 757 4100 in
774 4039 889 4124 spiritu
904 4051 935 4103 et
953 4038 1084 4101 veritate
1098 4046 1225 4120 oportet
1248 4030 1391 4095 adorare.

443 4138 492 4202 Ut
507 4152 611 4202 tamen
626 4139 667 4202 ad
687 4139 836 4205 thronum
852 4140 939 4204 illius
962 4160 1152 4223 quocunque
1176 4134 1271 4199 modo
1286 4134 1391 4198 humi-

441 4238 540 4305 litatis
553 4252 670 4305 nostrae
685 4240 875 4305 conscendat
886 4237 1064 4311 infirmitas,
1078 4249 1109 4301 et
1122 4235 1262 4322 aliquam
1274 4234 1390 4299 habeat

442 4342 605 4409 materiam
620 4344 817 4421 meritorum,
834 4340 1019 4409 sensualiter
1040 4338 1101 4404 coli
1118 4339 1230 4420 voluit,
1246 4336 1301 4424 qui
1325 4357 1393 4401 sen-
