3425 5367
419 717 481 780 lte
689 727 825 776 rossum
843 727 1123 775 sunnsnsurrusrs
1235 711 1318 791 [nm.
1333 733 1371 777 11.

421 894 523 960 erant,
545 879 662 946 mutari
683 902 746 944 non
767 878 941 966 poteraut?
964 881 1046 944 Hoee
1065 899 1196 966 quoque
1216 882 1375 945 sententia

420 1005 479 1049 nec
493 983 657 1069 gentilium
674 981 882 1069 philosophos
896 981 1001 1059 latuit,
1015 981 1073 1068 qui
1093 982 1235 1046 futorum
1259 981 1371 1046 seriem

421 1086 533 1151 dieunt
554 1083 760 1165 immobilem,
780 1105 844 1147 non
866 1087 944 1170 quia
965 1082 1086 1148 moveri
1101 1103 1164 1147 nou
1183 1084 1296 1169 possit,
1316 1084 1373 1148 sed

421 1187 499 1275 qnia
519 1187 635 1252 moveri
655 1185 783 1250 omuino
804 1208 867 1249 non
888 1185 1055 1272 contingit.
1101 1186 1188 1250 Hinc
1205 1198 1254 1250 est
1267 1184 1369 1249 illud:

623 1295 705 1349 Exire
716 1312 733 1348 s
743 1294 836 1347 mediis
847 1296 932 1366 potuit
943 1293 1082 1346 Pharsalia
1091 1291 1162 1348 fatis.

421 1394 568 1478 Itemque
582 1390 755 1478 poeticum,
764 1411 830 1476 quo
841 1411 936 1453 senex
953 1388 1157 1456 carnotensis
1170 1389 1204 1454 in
1216 1389 1370 1475 angustiis

419 1495 558 1558 lortunae
572 1491 772 1579 frequentius
788 1491 951 1568 utebatur,

623 1601 693 1654 Fata
704 1601 774 1653 viam
784 1600 926 1665 invenient,
945 1601 993 1656 se

421 1701 503 1778 Quae
517 1720 592 1762 vero
606 1696 713 1782 elapsa
728 1707 812 1775 sunt,
826 1708 859 1760 et
874 1694 1014 1759 secundo
1028 1692 1244 1781 dispositionis
1255 1694 1370 1760 effectu

420 1800 589 1886 completa,
603 1797 791 1864 naturaliter
805 1797 937 1882 quidem
952 1818 1015 1860 non
1031 1807 1163 1882 possunt
1177 1818 1239 1859 uon
1255 1796 1370 1871 luisse3

420 1902 493 1967 licet
516 1899 594 1964 nihil
616 1920 753 1963 asserere
773 1897 806 1960 in
826 1896 982 1962 alterutro
1002 1896 1137 1960 audeam
1158 1895 1192 1959 in
1221 1895 1372 1983 injuriam

420 2001 626 2088 disponentis.
671 1999 725 2065 Ait
745 2009 850 2063 tamen
872 1997 1038 2063 doctorum
1060 1997 1260 2064 doctissimus
1282 1999 1373 2079 (Hie-

419 2124 589 2191 ronymum
608 2101 735 2185 loquor)
752 2099 915 2165 Audenter
928 2103 1055 2186 loquar,
1068 2099 1144 2164 licet
1159 2100 1251 2164 Deus
1264 2101 1372 2164 omnia

419 2203 530 2292 possit,
556 2201 711 2286 virginem
736 2213 841 2266 tamen
867 2214 941 2287 post
969 2200 1093 2264 ruinam
1123 2201 1277 2266 suscitare
1306 2222 1370 2264 nnn

419 2318 535 2394 potest.
599 2305 710 2368 Potest
744 2314 850 2366 tamen
887 2324 1038 2366 coronare
1071 2315 1266 2389 corruptam.
1324 2305 1371 2368 Et

418 2405 549 2493 quidem
571 2401 791 2468 diffinitionem
822 2401 967 2488 virginis,
990 2401 1101 2467 eodem
1130 2403 1373 2490 interpretante,

419 2504 593 2593 Apostolus
606 2501 708 2590 ponit,
722 2513 760 2567 ut
774 2499 815 2565 sit
836 2501 928 2586 virgo
949 2521 1023 2586 quae
1041 2513 1149 2567 sancta
1169 2515 1219 2567 est
1240 2525 1372 2590 corpore

420 2621 452 2674 et
482 2605 607 2694 spiritu.
662 2601 727 2668 Sed
754 2601 967 2688 proculdubio
996 2602 1087 2668 Deus
1115 2615 1148 2668 et
1177 2603 1372 2668 sanctificare

419 2710 556 2776 animam
585 2705 770 2781 virtutibus,
797 2716 829 2769 et
858 2727 983 2768 carnem
1013 2716 1120 2791 potest
1156 2705 1372 2791 redintegrare

419 2823 613 2898 corruptam,
628 2820 665 2872 ut
688 2818 756 2871 tota
777 2805 955 2870 substantia
976 2805 1027 2869 sui
1048 2803 1146 2870 videri
1169 2806 1370 2892 possitquae

420 2911 588 2988 ceciderat,
612 2908 773 2974 suscitata.
827 2905 926 2981 Quod
948 2910 985 2984 si,
1008 2907 1146 2972 oratorio
1167 2920 1261 2994 tropo
1283 2930 1372 2986 usus,

420 3013 578 3080 intellexit
606 3033 681 3096 quae
708 3009 840 3072 fuerunt
869 3031 933 3072 non
962 3031 1053 3095 posse
1078 3031 1143 3074 non
1168 3010 1277 3088 fuisse,
1308 3033 1370 3074 noa

419 3136 545 3179 necesse
560 3110 623 3175 fuit
645 3109 685 3173 ad
702 3108 856 3192 virginem
872 3121 1063 3193 prostratam
1083 3131 1256 3192 recurrere,
1270 3135 1370 3198 quum

420 3219 453 3281 in
482 3209 651 3300 praeteritis
678 3209 827 3273 omnibns
853 3208 956 3273 'simili
985 3208 1141 3274 sententia
1174 3211 1225 3272 vel
1253 3235 1371 3288 errore,

420 3317 481 3382 hoc
489 3313 572 3378 idem
582 3308 721 3399 potuerit
732 3307 878 3373 inveniri.
914 3308 1108 3373 Sententiam
1121 3329 1196 3370 vero
1210 3307 1251 3371 ab
1266 3329 1372 3373 errore

420 3421 553 3487 scienter
562 3416 683 3496 divido,
698 3439 736 3482 eo
748 3415 836 3500 quod
847 3413 1003 3478 sententia
1011 3434 1135 3498 semper
1149 3409 1266 3475 habere
1275 3411 1372 3480 debet

419 3520 562 3586 veritatis
583 3516 853 3603 significationem.
900 3516 989 3578 Sient
1018 3510 1105 3600 apud
1129 3522 1273 3578 sanctum
1303 3516 1370 3580 Job

418 3621 559 3688 invenis:
584 3619 663 3696 Quis
677 3629 724 3680 est
739 3616 798 3680 iste
813 3613 978 3678 involvens
993 3613 1164 3679 sententias
1172 3616 1371 3682 sermonibus

418 3720 599 3810 imperitis?
623 3717 687 3783 Sed
709 3717 792 3780 sorte
813 3714 1005 3800 virginitatis
1028 3714 1144 3802 aliquis
1168 3718 1289 3804 gradus
1312 3731 1371 3796 est,

419 3845 514 3914 quem
526 3817 719 3908 impossibile
730 3829 1154 3904 estaquacunquecorrupta
1163 3819 1369 3906 apprehendi.

420 3925 515 4006 Quod
530 3935 635 3987 autem
646 3918 796 4006 possibile
805 3917 936 3994 dicitur,
953 3917 1112 3984 interdum
1122 3919 1164 3983 ad
1173 3918 1369 4000 facilitatem,

418 4051 494 4118 quoe
516 4022 650 4109 singulis
670 4022 763 4099 inest,
793 4019 843 4084 vel
873 4043 912 4084 ex
935 4020 1075 4086 fortunae
1097 4019 1231 4099 calculo,
1253 4020 1303 4084 vel
1328 4043 1368 4084 ex

420 4126 600 4218 aptitudine
611 4120 835 4209 dispositionis,
849 4122 998 4198 refertur,
1010 4121 1205 4208 quandoque
1217 4121 1258 4188 ad
1269 4123 1370 4208 ipsam

419 4252 526 4300 rerum
552 4239 696 4291 naturam
720 4224 859 4310 respicit,
888 4246 974 4287 nunc
999 4222 1038 4287 ad
1069 4221 1188 4288 fontem
1217 4223 1371 4300 omnium,

420 4333 557 4401 divinam
575 4326 746 4393 reflectitur
761 4326 968 4413 majestatem,
981 4348 1000 4388 a
1015 4348 1080 4411 qua
1091 4325 1193 4390 omnis
1203 4347 1265 4390 nou
1278 4325 1373 4390 modo
