3425 5367
465 757 506 816 50
724 770 860 815 Jonnnrs
877 770 1153 814 sanssannransm
1294 752 1378 831 [ara.
1395 771 1417 815 r.

468 922 575 985 umbae
598 920 794 1007 gradientes,
816 921 895 985 dum
918 934 1025 986 tamen
1052 922 1085 984 in
1111 931 1206 1006 pastu
1233 921 1421 995 itinerantes

465 1022 658 1108 praecedant.

685 1270 764 1353 Cap.
784 1274 833 1333 13.
856 1268 909 1331 De
923 1270 1023 1331 varia
1038 1269 1195 1332 omnibus.

509 1420 549 1482 In
564 1416 800 1505 expeditionem
815 1416 930 1481 missus
947 1416 1070 1479 Consul
1091 1416 1322 1498 Romanorum,
1335 1417 1414 1482 dum

465 1517 585 1581 nullius
610 1519 685 1583 boni
710 1520 824 1583 ominis
846 1520 1014 1585 sortiretur
1040 1519 1229 1606 auspicium,
1252 1520 1415 1584 columbas

460 1619 584 1707 jejunio
606 1623 776 1704 confectas,
798 1625 906 1707 granis
928 1622 1044 1709 sparsis
1065 1623 1197 1687 triticeis
1218 1622 1251 1686 in
1274 1622 1326 1686 via
1350 1646 1415 1708 qna

463 1727 569 1789 iturus
584 1739 663 1802 erat,
679 1725 822 1811 praeferri
840 1725 949 1811 jussit,
963 1737 1000 1789 ut
1020 1724 1069 1788 vel
1089 1746 1198 1787 earum
1219 1724 1324 1787 omine
1342 1745 1413 1788 aus·

462 1825 537 1911 picii
560 1827 709 1893 duritiam
733 1828 923 1892 sublevaret.
970 1830 1051 1902 Quae
1073 1850 1175 1913 quum
1194 1826 1414 1911 diligentiusa

463 1928 542 1993 cibis
556 1930 760 2009 abstinerent,
776 1953 828 1994 eas
842 1929 1036 2016 praecipitari
1046 1930 1146 2017 jussit
1160 1930 1195 1993 in
1213 1928 1360 2005 fluvium,
1376 1942 1414 1994 ut

463 2033 572 2094 saltem
589 2032 752 2096 biberent:
776 2032 1013 2117 submersaeque
1026 2032 1060 2096 in
1078 2031 1222 2107 flumine,
1237 2031 1413 2097 docuerunt

464 2130 634 2197 Consulem
650 2156 722 2197 curn
739 2134 881 2199 exercitu
897 2134 1178 2219 submergendum.
1217 2132 1283 2198 Hic
1297 2138 1413 2199 etenim

464 2249 619 2319 sequutus
640 2250 687 2301 est
711 2253 853 2302 eventus.
898 2242 984 2323 Apes
1006 2238 1149 2303 Platonis
1171 2237 1321 2301 infantuli
1351 2236 1412 2299 mel

463 2336 554 2402 labiis
576 2337 764 2419 inferebant,
785 2339 978 2425 singularem
1000 2339 1200 2403 dulcedinem
1224 2338 1413 2425 eloquentiae

462 2441 530 2526 ejus
555 2441 697 2507 futuram
723 2442 961 2528 praesignantes.
1007 2442 1109 2507 Hiero
1135 2464 1279 2506 summus
1301 2455 1413 2528 postea

465 2542 579 2607 Siciliae
600 2544 816 2628 magistratus,
833 2544 920 2630 quod
941 2542 1061 2608 virtute
1080 2545 1267 2629 promeruit,
1283 2567 1302 2607 a
1321 2557 1411 2629 patre

461 2644 656 2709 nobilissimo
682 2646 751 2708 viro
779 2645 944 2731 expositus
969 2656 1027 2721 est,
1056 2668 1094 2709 eo
1120 2646 1206 2730 quod
1232 2668 1272 2708 ex
1299 2645 1414 2709 ancilla

461 2754 626 2833 susceptus
661 2746 977 2811 dehonestamentum
1013 2746 1138 2831 generis
1171 2745 1349 2821 videbatur,
1380 2760 1413 2810 et

461 2851 551 2933 quasi
567 2854 718 2935 probrosa
728 2849 805 2913 olari
817 2848 979 2933 sanguinis
992 2849 1125 2915 macula.
1163 2849 1227 2915 Sed
1241 2847 1411 2935 parvulum

460 2963 493 3014 et
518 2950 713 3035 indigentem
737 2950 806 3035 opis
833 2950 981 3013 humanae
1007 2973 1082 3034 apes
1106 2951 1190 3015 circa
1215 2976 1290 3015 eum
1318 2951 1411 3015 melle

461 3062 622 3132 congesto,
634 3050 779 3133 plurimis
790 3049 899 3113 aluere
913 3050 1045 3113 diebus:
1070 3063 1102 3114 et
1118 3053 1162 3115 sic
1177 3053 1309 3117 consilio
1324 3077 1411 3118 arus·

459 3149 566 3235 picum
582 3150 610 3212 ei
625 3170 759 3233 regnum
771 3147 919 3234 portendi
932 3149 1126 3225 canentium,
1139 3174 1158 3214 a
1173 3163 1262 3235 patre
1271 3155 1411 3237 agnitus,

459 3252 654 3329 recollectus,
666 3262 698 3317 et
710 3250 879 3338 diligenter
893 3250 1060 3317 institutus
1070 3264 1126 3315 est.
1164 3251 1296 3315 Parvuli
1309 3255 1412 3320 Midae

456 3356 624 3421 cunabulis
644 3354 785 3420 formicae
806 3378 906 3441 grana
926 3353 1023 3420 tritici
1043 3353 1265 3436 congerebant,
1289 3353 1409 3439 signifi-

459 3472 567 3523 cantes
581 3482 651 3525 eum
667 3459 813 3522 futurum
830 3457 1034 3522 ditissimum.
1073 3456 1171 3519 Unde
1185 3468 1217 3519 et
1232 3478 1282 3520 res
1296 3480 1409 3521 aureas

459 3558 559 3645 ipsius
569 3570 690 3623 attactu
703 3558 770 3621 fieri
782 3570 886 3644 poetae
895 3558 1065 3623 finxerunt.
1101 3558 1239 3645 Sulpitio
1254 3560 1410 3625 sacerdoti

459 3657 569 3743 lapsus
583 3680 666 3743 apex
677 3658 842 3745 decapite,
852 3658 1062 3724 sacerdotium
1074 3660 1217 3726 abstulit.
1251 3662 1410 3727 Occentus

461 3759 568 3825 soricis
597 3760 724 3826 auditus
755 3762 803 3825 M.
832 3762 934 3826 Fabio
963 3762 1196 3847 praefecturam.
1252 3764 1287 3826 Si
1315 3763 1410 3849 nugis

461 3864 563 3928 Iberis
586 3886 643 3949 per
658 3863 764 3929 omnia
785 3863 897 3941 credis,
913 3863 939 3927 si
955 3875 1072 3928 vestem
1088 3864 1121 3927 in
1135 3864 1239 3951 operis
1254 3866 1304 3928 tui
1319 3864 1410 3929 initio

459 3990 478 4029 a
502 3967 654 4031 soricibus
676 3988 834 4031 corrosam
861 3969 1004 4046 senseris,
1025 3978 1168 4053 tempera
1188 3967 1230 4031 ab
1251 3966 1409 4052 incoeptis.

459 4065 491 4129 Si
510 4066 675 4151 egrediens
697 4066 793 4131 limen
817 4066 997 4144 calcaveris,
1020 4080 1077 4132 aut
1099 4068 1133 4131 in
1155 4066 1208 4132 via
1227 4066 1408 4144 offenderis,

458 4167 572 4254 pedem
593 4168 728 4233 contine.
776 4168 809 4230 Si
831 4168 862 4230 in
882 4168 1048 4254 procinctu
1070 4170 1267 4256 agendorum
1287 4168 1409 4254 aliquid

459 4270 566 4334 damni
582 4270 760 4355 pertuleris,
776 4269 903 4334 differes
921 4269 1079 4356 inchoata,
1095 4295 1134 4336 ne
1150 4276 1201 4337 vel
1221 4284 1290 4337 tota
1309 4270 1410 4335 inten-

460 4374 545 4435 tione
569 4370 743 4449 frustreris,
760 4381 823 4434 aut
847 4369 1003 4435 inutiliter
1025 4371 1206 4458 impleatur.
1250 4374 1410 4457 Expecta,
