3425 5367
284 716 418 790 caan]
642 726 896 777 rotrcasrrcos.
1180 711 1242 776 805

287 894 413 947 arceant
423 903 500 966 ergo
512 880 669 945 nundinas
678 904 762 959 suas,
774 880 896 945 loculos
907 880 1025 944 alienos
1036 878 1237 957 exhauriant,

288 982 424 1047 farciant
439 1004 523 1062 suos,
534 982 716 1067 possideant
727 994 883 1067 quantum
896 980 1065 1060 Pacuvius,
1075 980 1238 1045 montibus

288 1106 403 1148 aurum
418 1095 599 1168 exaequent,
610 1106 667 1148 nec
677 1096 784 1148 ament
799 1082 948 1168 aliquem,
964 1104 1022 1146 nec
1036 1096 1183 1147 amentur
1197 1082 1239 1146 ab

288 1184 367 1262 ullo,
393 1184 455 1250 sint
482 1184 684 1249 admirationi
712 1183 840 1267 ignotis,
867 1182 945 1247 dum
972 1182 1151 1247 domesticis
1176 1182 1238 1247 sint

288 1284 375 1363 odio,
390 1284 441 1349 vel
460 1284 669 1370 contemptui.
716 1281 798 1345 Tale
818 1282 940 1368 aliquid
960 1283 992 1346 in
1013 1296 1157 1348 veterum
1174 1288 1239 1350 Ro·

290 1410 457 1453 manorum
474 1385 600 1473 scriptis
615 1384 761 1449 invenies.
806 1386 915 1459 Quum
931 1386 966 1452 P.
984 1383 1043 1450 Cn.
1061 1388 1238 1463 Graecinus,

289 1501 346 1554 aut
359 1491 385 1553 si
399 1487 463 1552 alio
472 1488 582 1573 potius
592 1485 711 1551 dicitur
721 1484 859 1563 nomine,
872 1497 1059 1569 argueretur
1070 1487 1111 1551 ab
1120 1488 1240 1566 amicis,

290 1589 378 1675 quod
401 1611 532 1655 uxorem
551 1588 732 1667 formosam,
746 1603 877 1665 castam,
897 1600 929 1653 et
951 1588 1090 1653 nobilem
1109 1589 1239 1676 repudi·

290 1703 370 1768 aret,
385 1689 566 1777 respondit:
600 1690 647 1755 Et
664 1688 717 1754 hic
737 1711 847 1754 soccus
866 1712 960 1775 quem
976 1690 1114 1771 cernitis,
1129 1714 1241 1765 novus,

290 1790 427 1877 elegans,
452 1802 486 1857 et
514 1790 745 1878 inspectoribus
774 1789 922 1855 omnibus
951 1790 1077 1877 placens
1102 1805 1161 1873 est,
1187 1791 1242 1857 sed

290 1915 384 1958 nemo
399 1896 458 1960 scit
472 1905 590 1980 praeter
605 1916 655 1957 me
669 1892 772 1957 solum
788 1890 845 1957 ubi
860 1915 911 1957 me
927 1910 1059 1979 premat.
1105 1894 1243 1979 Legitur

290 1994 323 2059 iu
338 1994 421 2060 libro
435 1998 662 2071 Numerorum,
677 1994 765 2080 quod
780 2017 854 2058 cum
877 1994 1066 2060 Madianitis
1083 1996 1242 2061 fornicans

292 2096 404 2173 Israel,
433 2096 684 2182 indignationem
715 2095 846 2163 Domini
880 2097 1111 2183 provocaverit,
1142 2097 1242 2163 donee

290 2200 427 2266 Pbineea
449 2197 590 2278 Zambri,
613 2198 714 2264 filium
738 2198 857 2264 Salomi
880 2220 952 2262 cum
976 2199 1114 2265 succuba
1136 2201 1242 2265 Madi-

290 2301 423 2375 anitide,
453 2300 571 2365 educto
599 2322 674 2365 ense
703 2299 982 2376 transverberavit,
1008 2313 1040 2364 et
1069 2301 1103 2364 in
1131 2326 1243 2369 occasu

292 2414 463 2467 nocentum
485 2400 608 2487 quievit
632 2401 681 2464 ira
703 2400 776 2466 Dei.
821 2400 942 2465 Factus
967 2412 1016 2465 est
1039 2423 1116 2486 ergo
1142 2426 1245 2469 sermo
1276 2424 1281 2433 ·

292 2504 425 2570 Domini
445 2502 488 2566 ad
508 2505 644 2588 Moysen
659 2502 785 2567 dicens:
825 2500 921 2565 Tolle
935 2513 1066 2566 cunctos
1085 2503 1243 2591 principes

294 2605 419 2693 populi,
441 2616 474 2669 et
496 2604 654 2691 suspende
675 2628 730 2669 eos
751 2614 863 2667 contra
890 2601 993 2666 Solem
1020 2606 1053 2667 in
1080 2605 1245 2689 patibulis.

293 2711 483 2773 Peccauerat
503 2705 632 2793 quidem
652 2707 803 2791 populus,
823 2716 856 2768 et
876 2702 1044 2768 fornicatio
1064 2704 1243 2793 principum

293 2831 356 2873 uon
379 2807 582 2893 exprimitur,
604 2805 674 2891 rapi
700 2818 805 2870 tamen
831 2804 1065 2891 praecipiuntur
1087 2806 1245 2895 principes

294 2912 335 2977 ad
355 2911 547 2999 patibulum,
565 2922 598 2975 et
623 2912 656 2975 in
681 2931 777 2995 poena
801 2931 911 2973 eorum
932 2912 1024 2996 quies
1047 2910 1244 2999 delinquenti

293 3013 413 3099 populo
421 3008 741 3098 reparatur,eoquod
751 3033 792 3075 ex
801 3009 995 3096 negligentia
1004 3012 1243 3097 praesidentium

295 3112 465 3201 saepissime
478 3112 627 3198 provenit
640 3133 787 3175 excessus
808 3110 1021 3177 subditorum.
1060 3114 1172 3181 Refert
1186 3116 1246 3181 ita-

296 3238 361 3303 que
382 3215 548 3303 potestatis
569 3214 703 3279 istorum
721 3213 869 3279 cohibere
889 3213 1054 3293 malitiam,
1073 3228 1106 3280 et
1126 3217 1244 3282 eisdem

295 3318 337 3383 de
351 3316 482 3405 publico
499 3314 677 3403 providere,
692 3328 728 3381 ut
741 3314 843 3379 omnis
854 3316 1020 3402 grassandi
1035 3318 1157 3383 occasio
1172 3320 1246 3385 sub-

296 3418 451 3486 trabatur.
498 3414 594 3495 Quod
614 3428 645 3481 et
660 3414 693 3479 iu
711 3415 785 3501 jure
805 3416 953 3480 Romano
972 3417 1151 3503 antiquitus
1170 3442 1243 3485 cau·

296 3532 364 3585 tum
391 3528 450 3593 est,
474 3516 615 3603 alioquin
645 3528 758 3581 auctor
786 3514 949 3581 videbitur
973 3516 1130 3596 maleficii,
1158 3522 1245 3607 quod

296 3620 510 3708 praetermisso
530 3617 634 3683 officio
658 3616 826 3683 emendare
847 3620 1031 3685 contemnit.
1078 3622 1141 3686 His
1162 3625 1246 3689 enirn

296 3720 431 3809 flagellis
458 3721 636 3801 bominum,
659 3720 937 3807 innocentiumque
968 3722 1153 3802 terroribus,
1181 3750 1247 3813 quo

297 3820 479 3911 preclarior
507 3834 540 3885 et
567 3821 738 3908 potentior,
765 3844 803 3885 eo
830 3821 954 3908 plenior
982 3832 1014 3886 et
1043 3824 1247 3907 perniciosior

297 3923 388 3989 curia
401 3937 458 3989 est.
504 3923 669 4009 Frequens
682 3921 800 3987 etenim
814 3935 873 3998 est,
890 3935 927 3987 ut
942 3923 1031 3987 curia
1048 3924 1181 4012 recipiat
1196 3930 1246 3994 vel

297 4024 393 4091 faciat
418 4025 559 4105 vitiosos,
580 4022 669 4111 apud
694 4045 779 4109 quos
803 4022 965 4089 invalescit
990 4024 1122 4091 audacia
1144 4028 1244 4095 delin-

298 4125 430 4213 quendi,
443 4148 542 4213 quum
557 4148 598 4189 ex
609 4124 821 4191 familiaritate
836 4138 1015 4210 potentum,
1032 4128 1118 4194 vitiis
1138 4130 1245 4199 indul-

298 4238 404 4313 getur.
454 4226 518 4291 Sed
532 4238 566 4291 et
586 4224 627 4291 de
641 4238 787 4291 anteacta
801 4225 868 4291 vita
882 4226 1112 4315 cujuscunque,
1128 4230 1246 4299 frustra

297 4326 513 4415 presumitur,
528 4350 627 4415 quum
642 4328 726 4393 iuter
739 4326 874 4395 canales
884 4328 936 4393 rix
958 4329 1056 4417 possit
1067 4330 1246 4401 innocentia

344 4450 488 4495 voc.u1.
757 4450 781 4494 x
