3425 5367
339 743 474 824 canu]
713 758 968 808 eonvcmmcns.
1236 747 1294 808 ltl

339 912 470 977 lendum
482 909 632 977 vanitatis
647 909 796 996 spiritum
812 910 967 997 proferat,
982 911 1009 974 si
1024 923 1061 976 tu
1076 914 1203 976 aurium
1214 912 1297 989 vela,

340 1025 372 1079 et
387 1013 589 1080 latitudinem
606 1011 712 1077 cordis
734 1012 776 1076 ad
798 1026 957 1076 tumorem
975 1012 1220 1099 concipiendum
1241 1036 1300 1100 op-

340 1115 469 1202 pandas.
515 1115 561 1179 Et
582 1112 660 1199 quia
676 1112 828 1178 videntur
846 1113 890 1177 ab
910 1113 1071 1190 omnibus,
1085 1113 1212 1177 facilius
1229 1114 1300 1178 baec

341 1239 361 1282 a
374 1216 537 1304 plerisque
547 1215 700 1280 vanitatis
714 1214 871 1300 obsequia
883 1227 1146 1280 contemnuntur.
1175 1217 1303 1280 Verun-

342 1333 448 1384 tamen
463 1317 519 1382 ills
534 1317 637 1402 magis
652 1315 807 1392 timenda,
820 1315 898 1400 quia
911 1316 1013 1402 magis
1026 1317 1203 1402 perniciosa
1216 1330 1305 1398 suut,

331 1443 418 1507 ,quae
436 1418 578 1505 quodam
597 1417 731 1482 cautelae
747 1417 928 1482 velamento
946 1417 1123 1484 studiosius
1144 1419 1306 1484 occultan-

344 1535 411 1598 tur,
421 1535 454 1586 et
463 1521 556 1607 quasi
567 1519 628 1586 sub
639 1518 778 1604 imagine
789 1519 1016 1605 increpationis
1025 1533 1084 1585 aut
1091 1521 1305 1602 comotione,

346 1621 518 1688 alteriusve
539 1621 649 1698 officii,
671 1634 728 1686 aut
744 1620 887 1699 virtutis,
908 1622 1068 1707 irrepunt.
1111 1621 1208 1699 Quod
1227 1644 1308 1686 nmi-

345 1723 463 1806 nullos,
492 1723 571 1788 dum
601 1721 856 1788 benevolentiam
893 1722 1136 1788 immoderatius
1163 1736 1306 1809 captant,

344 1827 457 1892 fecisse
471 1825 619 1912 reperies.
657 1824 717 1889 Ait
731 1826 818 1888 euim
834 1824 969 1904 Laelius,
979 1846 1043 1888 non
1058 1823 1113 1888 ille
1128 1823 1214 1888 lator
1227 1823 1308 1908 legis

345 1923 504 2002 amicitiae,
521 1925 577 1989 sed
600 1947 710 1990 suasor
732 1923 808 1989 belli
830 1925 944 2005 civilis,
958 1937 992 1989 et
1011 1924 1132 1990 furoris
1152 1923 1308 2004 incentor,

346 2025 403 2111 qui
419 2037 452 2090 et
466 2025 509 2092 ab
522 2024 593 2090 aliis
609 2023 773 2090 Lentulus
786 2023 982 2111 appellatur,
1031 2036 1037 2042 “

451 2165 530 2229 Quod
541 2171 597 2218 tam
609 2165 682 2218 lenta
693 2170 753 2218 luas
764 2165 851 2218 tenuit
861 2166 990 2238 patientis
998 2165 1078 2231 vires,

452 2251 651 2322 conquerimur,
662 2251 755 2304 deust
766 2268 801 2304 ne
812 2251 863 2304 tibi
871 2251 969 2305 fidncia
979 2252 1080 2305 noemi?

452 2337 525 2392 Dum
536 2343 624 2390 movet
633 2337 692 2392 bees
703 2336 803 2390 ulidus
814 2339 942 2408 spirantia
951 2355 1059 2408 corpora
1069 2338 1189 2406 sanguis,

452 2424 490 2476 Et
501 2423 563 2478 dum
573 2421 628 2494 pila
638 2421 726 2476 vdent
737 2421 817 2476 sortes
828 2429 949 2494 torquere
959 2422 1061 2488 lacerti,

454 2510 624 2577 Degenerem
634 2511 735 2581 patiere
746 2515 846 2578 togam,
857 2527 1020 2578 regnumque
1028 2511 1154 2563 nnuma?

455 2595 547 2662 Usque
559 2595 627 2648 adeo
638 2595 763 2646 miserum
774 2599 816 2646 est
826 2593 897 2646 civili
907 2596 1012 2646 vincere
1021 2593 1109 2646 bello?

352 2730 406 2798 Sic
427 2743 460 2796 et
481 2730 514 2796 in
536 2730 712 2796 Comoediis
732 2751 896 2794 servorum
915 2728 1092 2794 calliditate
1110 2727 1232 2794 domini
1252 2729 1309 2796 de·

350 2832 522 2913 luduntur,
537 2833 710 2920 praemissis
731 2831 1003 2916 increpationibus
1021 2829 1160 2898 rationes
1172 2853 1247 2896 suas
1259 2832 1310 2896 in-

351 2935 471 3000 firmari
493 2937 698 3022 permittunt,
713 2945 746 3000 et
769 2932 899 2999 tandem
919 2956 953 2998 se
971 2933 1072 2998 victos
1092 2932 1254 3009 simulam,
1270 2948 1308 3000 nt

351 3051 384 3104 et
400 3036 602 3102 credulorum
618 3059 743 3103 sensum
766 3035 953 3102 confirment
967 3057 1118 3114 errorem,
1132 3047 1166 3100 et
1179 3035 1222 3100 de
1235 3058 1309 3122 pro-

301 3217 305 3226 ,
351 3139 482 3206 ditionis
496 3139 632 3226 perfidia
645 3138 781 3225 gratiam
802 3153 1016 3225 aucupentur,
1031 3159 1149 3224 magua
1161 3151 1310 3224 satagen-

351 3255 400 3310 tes
420 3244 594 3323 industria,
616 3255 652 3310 ut
676 3244 721 3308 sic
743 3265 867 3328 semper
888 3242 1060 3329 decipiant,
1081 3255 1119 3308 ut
1140 3265 1308 3329 nunquam

351 3345 472 3432 possint
509 3346 603 3433 argui
640 3344 799 3412 falsitatis.
857 3346 983 3410 Εοῐιιω
1017 3366 1159 3430 namque
1190 3343 1309 3410 veritas

353 3447 517 3513 mendacio
554 3447 664 3515 servit.
720 3445 807 3526 Quid
837 3445 927 3533 quod
957 3468 1101 3532 aucupes
1128 3443 1308 3512 novitatum

353 3549 555 3616 rumusculos
568 3561 757 3636 congerunt,
768 3547 952 3633 eisdemque
965 3547 1162 3614 curiosorum
1175 3546 1311 3613 auribus

354 3649 563 3732 satisfaciunt,
586 3665 623 3718 ut
649 3651 709 3716 hac
730 3650 783 3716 vis
802 3649 1057 3738 compendiosius
1080 3649 1125 3714 ad
1148 3649 1194 3725 id,
1218 3649 1310 3736 qnod

354 3752 564 3830 desideratur,
579 3753 757 3820 accedant?
796 3753 968 3840 Temporis
983 3775 1113 3840 quoqne
1132 3751 1311 3838 diligentis-

354 3854 424 3920 simi
439 3856 659 3922 observatores
674 3867 760 3932 sunt,
772 3877 812 3919 ne
822 3854 904 3942 quid
914 3854 1139 3938 intempestive
1152 3853 1310 3936 ingerant,

355 3957 409 4021 sed
425 3956 509 4022 inter
523 3957 759 4044 prandendum,
774 3969 831 4021 aut
849 3977 924 4021 cum
937 3955 1014 4020 vino
1027 3954 1101 4040 quis
1113 3953 1312 4018 exhilaratus

355 4057 464 4140 luerit,
490 4072 546 4125 aut
570 4059 793 4145 cujuscunque
815 4079 945 4144 compos
966 4055 1151 4143 voluptatis.
1199 4055 1312 4142 Hujus

357 4162 490 4224 cautela
501 4161 645 4226 meminit
659 4161 767 4237 Maro,
779 4181 881 4247 quum
893 4159 935 4225 ad
948 4160 1084 4224 AEneam
1096 4158 1311 4224 revocandum

359 4279 495 4324 sororem
507 4283 526 4326 a
539 4260 668 4328 Didone
683 4261 809 4326 missam
824 4261 947 4336 asserit,
957 4284 1032 4347 quie
1048 4259 1117 4324 sola
1127 4259 1187 4324 siri
1201 4255 1312 4322 molles

361 4356 467 4424 aditus
491 4373 523 4425 et
551 4373 696 4448 tempora
721 4375 822 4428 norat.
867 4361 948 4438 Quis
972 4376 1082 4428 autem
1105 4381 1168 4424 oon
1196 4357 1312 4435 rideat,
