3425 5367
480 697 543 755 226
739 707 875 753 rursusi
893 706 1175 755 sssususrususis
1293 687 1372 766 [aru.
1391 705 1436 750 iv.

481 867 589 946 Atque
605 860 652 924 ita
666 857 874 924 Athenienses
884 856 1004 920 virtute
1019 856 1121 933 ducis,
1133 879 1192 942 pro
1207 857 1309 921 salute
1324 860 1438 942 patriae

482 964 577 1026 morti
592 984 625 1024 se
639 960 812 1036 offerentis,
828 957 912 1022 bello
932 957 1116 1021 liberantur.
1164 957 1247 1020 Item
1266 959 1438 1045 Lycurgus

482 1065 514 1128 iu
527 1086 625 1147 reguo
635 1083 694 1125 suo
706 1061 832 1124 decreta
844 1059 1052 1135 constituens,
1065 1055 1220 1143 populum
1236 1059 1269 1120 in
1285 1059 1438 1145 obsequia

483 1165 675 1251 principum,
687 1162 847 1248 principes
862 1161 903 1224 ad
914 1161 1073 1246 justitiam
1090 1159 1261 1244 impiorum
1278 1163 1439 1225 firmavit:

483 1269 553 1330 auri
567 1266 756 1350 argentique
773 1287 877 1340 usum,
893 1275 926 1327 et
947 1263 1087 1326 omnium
1105 1260 1257 1326 scelerum
1275 1263 1441 1328 materiam

485 1368 631 1433 sustulit:
656 1367 779 1432 senatui
792 1365 970 1430 custodiam
985 1365 1103 1449 legum,
1116 1364 1237 1451 populo
1253 1364 1439 1448 sublegendi

485 1484 629 1534 senatum
645 1482 835 1556 potestatem
848 1468 947 1532 dedit.
981 1467 1101 1531 Statuit
1114 1467 1268 1552 virginem
1285 1466 1352 1532 sine
1366 1467 1443 1532 dote

485 1573 616 1647 nubere,
639 1584 676 1636 ut
701 1594 816 1634 uxores
841 1569 1047 1654 eligerentur,
1070 1591 1132 1632 non
1157 1569 1301 1654 pecunia.
1347 1570 1442 1632 Max-

487 1675 587 1738 imum
602 1673 752 1736 honorem
778 1694 835 1757 pro
855 1671 960 1756 gradu
982 1670 1085 1734 aetatis
1107 1692 1217 1734 senum
1234 1694 1299 1734 esse
1316 1670 1438 1742 voluit;

486 1801 544 1841 nec
559 1799 632 1841 sane
647 1798 783 1861 usquam
804 1789 898 1839 terrae
919 1774 1024 1838 locum
1041 1773 1271 1837 honoratiorem
1297 1785 1442 1836 senectus

488 1880 594 1944 habet.
647 1878 773 1941 Deinde
799 1889 835 1941 nt
862 1878 1072 1940 aeternitatem
1100 1876 1165 1938 suis
1191 1875 1315 1959 legibus
1340 1875 1442 1950 daret,

483 1979 696 2066 jurejurando
717 1979 840 2063 obligat
860 1978 1032 2056 civitatem,
1048 1977 1126 2040 nihil
1149 2001 1202 2041 eos
1224 1978 1264 2042 de
1284 1979 1352 2064 ejus
1367 1978 1444 2062 legi-

491 2085 550 2145 bus
565 2092 757 2158 mutaturos,
771 2093 943 2163 antequam
959 2092 1180 2143 reverteretur.
1228 2080 1444 2144 Proficiscitur

489 2195 597 2245 autem
616 2183 758 2256 Cretam,
773 2179 817 2244 ihi
833 2193 1026 2265 perpetuum
1047 2179 1178 2244 exilium
1193 2182 1271 2264 egit,
1287 2182 1447 2268 abjicique

490 2282 627 2346 moriens
647 2305 718 2345 ossa
737 2305 794 2346 sua
816 2281 849 2344 in
872 2304 958 2344 mare
975 2283 1085 2368 jussit,
1101 2305 1141 2346 ne
1165 2282 1272 2347 relatis
1296 2285 1446 2349 Lacedae-

490 2407 615 2448 monem
627 2383 750 2448 solutos
761 2407 794 2447 se
805 2382 956 2468 religione
967 2383 1179 2470 jurisjurandi
1191 2386 1224 2448 in
1236 2385 1447 2450 dissolvendis

490 2486 613 2571 legibus
627 2485 870 2550 arbitrarentur.
903 2485 966 2548 His
981 2486 1110 2571 quidem
1126 2487 1279 2572 exemplis
1293 2509 1333 2551 eo
1347 2487 1445 2552 liben-
1527 2513 1533 2523 ·

491 2588 557 2652 tius
571 2601 657 2668 utor,
665 2587 752 2673 quod
769 2586 958 2673 Apostolum
975 2587 1111 2652 Paulum
1126 2588 1244 2652 eisdem
1261 2613 1354 2654 usum
1368 2590 1446 2654 dum

492 2689 745 2760 Atheniensibus
770 2689 971 2774 praedicaret,
993 2688 1130 2753 invenio.
1176 2691 1312 2756 Studuit
1331 2691 1447 2777 praedi-

493 2802 582 2855 cator
595 2793 743 2876 egregius
762 2791 876 2854 Jesum
899 2789 1075 2868 Christum,
1091 2801 1122 2853 et
1139 2789 1224 2854 hunc
1244 2791 1447 2866 crucifixum,

493 2893 538 2957 sic
553 2893 715 2957 mentibus
730 2915 841 2956 eorum
861 2893 1016 2976 ingerere,
1033 2903 1069 2955 ut
1084 2914 1143 2976 per
1157 2891 1361 2975 ignominiam
1377 2915 1448 2956 cru-

495 2994 551 3074 cis,
571 2994 788 3058 liberationem
811 2993 996 3070 multorum,
1018 2992 1168 3079 exemplo¹
1186 2995 1351 3079 gentilium
1376 3017 1448 3080 pro·

495 3097 634 3186 venisse,
642 3095 779 3160 doceret.
818 3094 880 3157 Sed
895 3107 927 3158 et
942 3096 1004 3160 ista
1015 3096 1173 3182 persuasit
1188 3096 1256 3160 lieri
1271 3119 1333 3160 non
1347 3096 1447 3162 solere

497 3197 558 3261 nisi
572 3196 604 3259 in
621 3197 773 3282 sanguine
790 3198 965 3282 justorum,
982 3212 1140 3262 eteorum
1156 3197 1211 3282 qui
1234 3196 1345 3284 populi
1360 3221 1449 3281 gere-

497 3313 569 3365 rent
590 3299 823 3385 magistratum.
869 3303 969 3364 Porro
991 3300 1032 3363 ad
1055 3301 1271 3366 liberationem
1298 3299 1451 3379 omnium,

498 3402 615 3466 scilicet
632 3401 823 3468 Judaeorum
843 3414 875 3465 et
896 3405 1053 3486 gentium,
1067 3425 1158 3466 nemo
1174 3399 1330 3464 sufficiens
1345 3401 1451 3484 potuit

499 3504 647 3580 inveniri,
663 3504 723 3567 nisi
737 3504 790 3567 ille
804 3504 856 3567 cui
871 3505 904 3567 in
920 3505 1128 3570 hereditatem
1144 3503 1229 3568 datae
1244 3516 1317 3567 sunt
1333 3516 1454 3587 gentes,

501 3618 534 3669 et
557 3604 715 3690 praefinita
739 3618 788 3668 est
813 3605 915 3669 omnis
939 3621 1024 3670 terra
1052 3606 1205 3691 possessio
1228 3605 1308 3690 ejus.
1354 3607 1452 3668 Hunc

500 3719 606 3770 autem
620 3705 716 3770 alium
732 3730 799 3770 esse
813 3729 876 3770 non
888 3731 991 3792 posse,
1001 3729 1096 3794 quam
1114 3707 1214 3773 filium
1229 3708 1456 3793 omnipotentis

411 3877 425 3904 ο
503 3810 565 3874 Dei
588 3813 734 3885 asseruit,
756 3833 856 3896 quum
880 3825 997 3897 praeter
1019 3815 1128 3876 Deum
1153 3825 1275 3898 gentes,
1296 3825 1328 3875 et
1355 3823 1455 3874 terras

501 3937 621 3990 omnes,
641 3937 734 3977 nemo
755 3914 926 3998 subegerit.
972 3917 1057 3979 Dum
1079 3938 1156 3999 ergo
1178 3915 1221 3977 sic
1240 3911 1344 3976 crucis
1363 3911 1455 3996 igno-

504 4016 633 4079 miniam
649 4016 848 4101 praedicaret,
865 4029 901 4081 ut
916 4019 1057 4101 gentium
1078 4017 1233 4102 paulatim
1249 4025 1457 4078 evacuaretur

507 4115 656 4192 stultitia,
677 4118 790 4180 sensim
811 4117 852 4180 ad
877 4118 938 4182 Dei
955 4117 1098 4196 verbum,
1114 4115 1238 4202 Deique
1259 4115 1456 4201 sapientiam,

504 4230 536 4282 et
550 4217 654 4303 ipsum
665 4219 760 4283 etiam
776 4219 894 4284 divinae
905 4221 1080 4306 majestatis
1091 4219 1356 4299 solium,verhum
1372 4217 1460 4297 fidei,

507 4334 538 4384 et
554 4319 694 4405 linguam
715 4321 933 4407 praedicatoris
954 4326 1065 4388 erexit.
1112 4323 1157 4386 Et
1177 4344 1216 4386 ne
1232 4322 1335 4386 virtus
1354 4325 1460 4386 Evau-
