3425 5367
461 713 521 772 190
712 724 850 770 soranis
865 723 1148 769 saansnnnrnusrs
1262 702 1344 782 [nra.
1361 723 1415 768 111.

459 877 612 961 Scipione
628 878 779 941 Africano
794 876 918 960 aliquid
938 897 1004 940 non
1019 873 1154 938 inferius
1168 873 1342 950 invenitur,
1357 874 1413 956 qui

455 987 530 1061 post
552 976 745 1058 singularem
768 977 809 1041 de
831 977 1018 1040 Hannibale
1039 975 1217 1053 victoriam,
1238 974 1408 1056 singularis

455 1078 662 1142 continentia
687 1079 811 1161 insigne
835 1077 1033 1162 praeconium
1059 1077 1184 1140 meruit.
1241 1075 1406 1140 Hannibal

454 1200 593 1263 namque
607 1181 825 1243 Romanorum
845 1178 964 1244 cecidit
983 1179 1160 1242 exercitum
1175 1199 1278 1260 usque
1294 1177 1334 1240 ad
1349 1177 1407 1238 ho·

454 1282 548 1344 stium
571 1281 759 1358 satietatem,
779 1290 811 1344 et
833 1280 937 1342 donec
958 1279 1149 1362 praeciperet
1168 1279 1263 1342 militi
1281 1299 1349 1352 suo,
1369 1289 1404 1340 ut

453 1383 504 1445 rel
517 1381 600 1445 ferro
618 1391 774 1464 parceret.
818 1382 870 1445 De
891 1403 1047 1445 caesorum
1069 1381 1278 1462 cadaveribus
1291 1381 1326 1442 in
1340 1389 1403 1444 tor·

452 1493 541 1546 rente
555 1485 704 1565 Vergello
723 1503 807 1567 pons
827 1482 951 1547 solidus
970 1484 1074 1547 sactus
1093 1493 1143 1546 est
1156 1484 1283 1548 victoris
1299 1481 1403 1566 jussu.

452 1585 529 1646 Duo
543 1583 643 1647 modii
657 1586 849 1648 annulorum
865 1583 1094 1666 Carthaginem
1114 1582 1203 1646 missi
1219 1592 1301 1661 sunt,
1315 1581 1402 1645 unde

451 1686 590 1750 Martem
620 1707 712 1749 sumn
743 1687 856 1770 Libyae
886 1684 1053 1768 praesidem
1084 1705 1180 1748 aureo
1209 1685 1335 1768 clypeo,
1360 1683 1401 1746 ob

450 1785 609 1867 insignem
629 1785 806 1858 victoriam,
827 1785 1006 1862 honoraret,
1021 1794 1170 1867 essetque
1191 1783 1402 1867 proculdubio

450 1895 528 1948 tnnc
557 1887 664 1948 Roma
692 1885 779 1948 diem
808 1885 958 1948 ultimum
986 1884 1145 1963 habitura,
1169 1884 1195 1946 si
1224 1884 1400 1960 Hannibal,

450 1985 719 2070 quemadmodum
733 1987 872 2064 vincere,
887 1987 933 2049 sio
949 1996 981 2050 et
996 1987 1129 2051 victoria
1143 1986 1188 2049 uti
1212 1986 1316 2050 sciret.
1359 1987 1400 2048 In

448 2086 624 2149 vindictam
645 2087 778 2149 istorum
800 2097 955 2150 a'senatu
976 2087 1094 2150 missus
1116 2097 1164 2150 est
1187 2087 1296 2168 Scipio
1317 2087 1398 2150 Afri·

449 2208 560 2262 canus,
573 2188 629 2271 qui
639 2209 660 2250 a
670 2188 824 2269 Pyreneis
834 2189 998 2252 montibus
1009 2189 1049 2252 ad
1061 2191 1226 2252 columnas
1239 2189 1399 2266 Herculis,

448 2298 481 2352 et
501 2291 668 2353 Oceanum
685 2310 788 2373 usque
807 2299 898 2354 tanta
920 2291 1074 2354 felicitate
1091 2291 1286 2374 provinciam
1305 2310 1399 2353 recu·

447 2390 571 2474 peracit
600 2391 761 2464 amissam,
787 2391 905 2455 utrix
931 2392 1059 2470 sciatur,
1085 2393 1179 2456 citius
1208 2413 1247 2454 an
1272 2391 1398 2455 facilius

446 2492 568 2556 vicerit.
605 2492 671 2565 Qui
684 2492 779 2556 etiam
796 2493 940 2576 captivos
951 2514 1068 2576 pueros
1083 2504 1115 2556 et
1130 2495 1251 2576 puellas
1264 2492 1396 2574 egregiae

445 2593 704 2678 pulchritudinis,
723 2594 861 2658 restitnit
877 2595 1031 2672 barbaris,
1050 2616 1113 2659 nec
1134 2595 1168 2657 in
1192 2604 1398 2676 conspectum

446 2714 550 2770 suum,
564 2715 673 2758 eorum
689 2694 872 2778 qnempiam
885 2695 990 2758 venire
1005 2715 1120 2778 passus
1135 2705 1192 2772 est,
1207 2714 1249 2756 ne
1264 2691 1340 2776 quid
1356 2691 1397 2754 de

444 2793 636 2876 virginitatis
656 2795 849 2876 integritate,
872 2797 984 2859 saltem
1007 2795 1108 2859 oculis
1131 2793 1289 2858 delibasse
1308 2791 1395 2854 vide·

444 2905 537 2959 retur.
584 2895 726 2971 Qualiter
748 2897 778 2960 ei
798 2897 968 2961 Hannibal
989 2897 1130 2976 cesserit,
1145 2906 1177 2959 et
1195 2894 1394 2958 manifestam

444 2995 611 3060 victoriam
625 2998 748 3060 notaio
764 2999 868 3080 puppi
888 2999 1034 3080 praetoria
1052 2999 1161 3060 laurus
1177 2996 1394 3080 polliceretur,

443 3096 580 3179 scriptor
601 3097 680 3159 belli
700 3097 817 3160 Punici
838 3098 931 3160 Titus
954 3097 1065 3161 Livius
1085 3098 1188 3160 refert.
1233 3097 1394 3161 Caeterum

441 3197 474 3260 in
489 3196 570 3260 tanti
583 3197 734 3279 triumphi
755 3196 868 3279 gloria,
883 3197 962 3282 quid
982 3198 1039 3262 illo
1055 3199 1123 3261 cive
1137 3198 1324 3274 modestius,
1339 3196 1393 3280 qni

442 3298 526 3362 sein
540 3307 630 3362 tanto
646 3319 808 3377 successu,
822 3319 886 3363 nec
907 3300 1083 3377 dominum,
1097 3321 1158 3363 nec
1174 3301 1336 3374 victorem,
1351 3299 1392 3362 ab

441 3403 565 3486 aliquo;
584 3401 649 3464 nisi
658 3403 699 3464 ab
711 3401 908 3477 Hannibale,
919 3402 1094 3486 paucisque
1103 3398 1328 3480 complicibus,
1338 3399 1393 3484 qui

441 3522 548 3584 aeqnas
557 3501 756 3565 conditiones
765 3502 965 3584 pacis,rupto
974 3500 1102 3576 foedere,
1111 3495 1390 3563 fraudulenterab-

435 3600 593 3684 jecerant,
608 3621 724 3684 passus
739 3611 787 3662 est
801 3599 952 3663 salutari?
986 3600 1055 3662 Eos
1071 3620 1209 3683 quoque,
1226 3599 1283 3684 qui
1298 3601 1391 3664 casti·

439 3701 504 3782 gati
525 3721 591 3765 non
617 3701 883 3783 obtemperabant
903 3700 1103 3784 prohibentis
1128 3701 1274 3784 imperio,
1299 3701 1391 3784 quasi

438 3801 629 3865 adulationis
644 3821 723 3879 reos,
736 3810 769 3864 et
778 3800 919 3882 publicae
932 3801 1045 3866 salutis
1059 3802 1180 3874 hostes,
1191 3804 1232 3865 ab
1248 3801 1390 3864 exercitu

437 3901 590 3964 removeri
607 3900 723 3985 jussit3
749 3920 851 3984 quum
867 3909 971 3964 tamen
988 3923 1090 3983 genua
1107 3901 1289 3965 AEneadum
1303 3901 1388 3964 banc

437 4001 609 4065 molliciem
621 4001 745 4064 aurium
759 4001 904 4066 nondum
916 4003 1050 4080 exuerit,
1060 4003 1137 4086 quin
1149 4001 1387 4065 adulationibus

437 4100 644 4164 delectentur.
689 4101 795 4177 Quum
810 4124 885 4167 vero
901 4105 941 4167 ab
961 4102 1053 4167 initio
1069 4103 1246 4184 gravissimi
1261 4101 1387 4182 suerint,

435 4202 469 4264 in
481 4223 545 4285 quo
553 4203 703 4286 Trojanae
712 4205 849 4267 levitatis
861 4205 1017 4285 originem
1029 4204 1192 4287 praecipue
1203 4203 1388 4278 diffitentur,

436 4323 493 4367 eos
506 4303 569 4367 hoc
585 4304 661 4369 vitio
677 4305 829 4369 continue
849 4307 1021 4385 laborasse,
1036 4304 1237 4370 historiarum
1260 4305 1385 4368 celebre
