<?xml version="1.0" encoding="UTF-8"?>
<!DOCTYPE html PUBLIC "-//W3C//DTD XHTML 1.0 Transitional//EN"
    "http://www.w3.org/TR/xhtml1/DTD/xhtml1-transitional.dtd">
<html xmlns="http://www.w3.org/1999/xhtml" xml:lang="en" lang="en">
 <head>
  <title>
</title>
<meta http-equiv="Content-Type" content="text/html;charset=utf-8" />
  <meta name='ocr-system' content='tesseract 3.04.00' />
  <meta name='ocr-capabilities' content='ocr_page ocr_carea ocr_par ocr_line ocrx_word'/>
</head>
<body>
  <div class='ocr_page' id='page_1' title='image "./operaomnianuncp04johngoog_0224.png"; bbox 0 0 3425 5367; ppageno 0'>
   <div class='ocr_carea' id='block_1_1' title="bbox 316 728 1266 807">
    <p class='ocr_par' dir='ltr' id='par_1_1' title="bbox 316 728 1266 807">
     <span class='ocr_line' id='line_1_1' title="bbox 316 728 1266 807; baseline 0.004 -19"><span class='ocrx_word' id='word_1_1' title='bbox 316 743 385 790; x_wconf 79' lang='lat' dir='ltr'>car.</span> <span class='ocrx_word' id='word_1_2' title='bbox 401 728 486 807; x_wconf 78' lang='lat' dir='ltr'>xm]</span> <span class='ocrx_word' id='word_1_3' title='bbox 670 742 922 794; x_wconf 79' lang='lat' dir='ltr'>marcuarrcns.</span> <span class='ocrx_word' id='word_1_4' title='bbox 1204 733 1266 792; x_wconf 73' lang='lat'>213</span> 
     </span>
    </p>
   </div>
   <div class='ocr_carea' id='block_1_2' title="bbox 304 894 1261 3714">
    <p class='ocr_par' dir='ltr' id='par_1_2' title="bbox 304 894 1261 3714">
     <span class='ocr_line' id='line_1_2' title="bbox 311 894 1261 982; baseline 0.001 -23"><span class='ocrx_word' id='word_1_5' title='bbox 311 917 378 960; x_wconf 93' lang='lat' dir='ltr'>ram</span> <span class='ocrx_word' id='word_1_6' title='bbox 393 899 610 982; x_wconf 86' lang='lat' dir='ltr'>loquerentur,</span> <span class='ocrx_word' id='word_1_7' title='bbox 625 895 670 958; x_wconf 87' lang='lat' dir='ltr'>ita</span> <span class='ocrx_word' id='word_1_8' title='bbox 685 895 862 981; x_wconf 79' lang='lat' dir='ltr'><strong>rescripsit:</strong></span> <span class='ocrx_word' id='word_1_9' title='bbox 888 894 936 958; x_wconf 92' lang='lat' dir='ltr'>Mi</span> <span class='ocrx_word' id='word_1_10' title='bbox 953 894 1072 973; x_wconf 85' lang='lat' dir='ltr'>Tiberi,</span> <span class='ocrx_word' id='word_1_11' title='bbox 1088 894 1152 960; x_wconf 90' lang='lat' dir='ltr'>noli</span> <span class='ocrx_word' id='word_1_12' title='bbox 1168 895 1261 960; x_wconf 90' lang='lat' dir='ltr'>nimis</span> 
     </span>
     <span class='ocr_line' id='line_1_3' title="bbox 310 995 1259 1081; baseline 0.001 -23"><span class='ocrx_word' id='word_1_13' title='bbox 310 995 481 1081; x_wconf 88' lang='lat' dir='ltr'>indignari,</span> <span class='ocrx_word' id='word_1_14' title='bbox 496 1017 689 1080; x_wconf 83' lang='lat' dir='ltr'>quemquam</span> <span class='ocrx_word' id='word_1_15' title='bbox 711 1018 778 1060; x_wconf 85' lang='lat' dir='ltr'>esse</span> <span class='ocrx_word' id='word_1_16' title='bbox 799 996 857 1081; x_wconf 92' lang='lat' dir='ltr'>qui</span> <span class='ocrx_word' id='word_1_17' title='bbox 879 996 920 1059; x_wconf 91' lang='lat' dir='ltr'>de</span> <span class='ocrx_word' id='word_1_18' title='bbox 942 1008 973 1060; x_wconf 91' lang='lat' dir='ltr'>te</span> <span class='ocrx_word' id='word_1_19' title='bbox 997 996 1078 1060; x_wconf 91' lang='lat' dir='ltr'>male</span> <span class='ocrx_word' id='word_1_20' title='bbox 1100 997 1259 1081; x_wconf 86' lang='lat' dir='ltr'>loquatur.</span> 
     </span>
     <span class='ocr_line' id='line_1_4' title="bbox 312 1097 1261 1184; baseline 0 -23"><span class='ocrx_word' id='word_1_21' title='bbox 312 1099 396 1163; x_wconf 90' lang='lat' dir='ltr'>Satis</span> <span class='ocrx_word' id='word_1_22' title='bbox 418 1113 465 1163; x_wconf 87' lang='lat' dir='ltr'>est</span> <span class='ocrx_word' id='word_1_23' title='bbox 489 1100 572 1163; x_wconf 90' lang='lat' dir='ltr'>enim</span> <span class='ocrx_word' id='word_1_24' title='bbox 598 1099 624 1164; x_wconf 92' lang='lat' dir='ltr'>si</span> <span class='ocrx_word' id='word_1_25' title='bbox 652 1100 711 1163; x_wconf 89' lang='lat' dir='ltr'>boe</span> <span class='ocrx_word' id='word_1_26' title='bbox 733 1098 898 1178; x_wconf 87' lang='lat' dir='ltr'>babemus,</span> <span class='ocrx_word' id='word_1_27' title='bbox 920 1099 1031 1184; x_wconf 86' lang='lat' dir='ltr'>nequis</span> <span class='ocrx_word' id='word_1_28' title='bbox 1053 1098 1144 1162; x_wconf 90' lang='lat' dir='ltr'>nobis</span> <span class='ocrx_word' id='word_1_29' title='bbox 1166 1097 1261 1161; x_wconf 88' lang='lat' dir='ltr'>male-</span> 
     </span>
     <span class='ocr_line' id='line_1_5' title="bbox 309 1198 1260 1287; baseline 0.002 -25"><span class='ocrx_word' id='word_1_30' title='bbox 309 1198 413 1264; x_wconf 80' lang='lat' dir='ltr'>facere</span> <span class='ocrx_word' id='word_1_31' title='bbox 441 1201 551 1287; x_wconf 89' lang='lat' dir='ltr'>possit.</span> <span class='ocrx_word' id='word_1_32' title='bbox 608 1200 699 1264; x_wconf 89' lang='lat' dir='ltr'>Idem</span> <span class='ocrx_word' id='word_1_33' title='bbox 734 1213 823 1264; x_wconf 92' lang='lat' dir='ltr'>tanta</span> <span class='ocrx_word' id='word_1_34' title='bbox 857 1201 1005 1266; x_wconf 89' lang='lat' dir='ltr'>comitate</span> <span class='ocrx_word' id='word_1_35' title='bbox 1039 1200 1197 1287; x_wconf 88' lang='lat' dir='ltr'>quoslibet</span> <span class='ocrx_word' id='word_1_36' title='bbox 1227 1223 1260 1264; x_wconf 88' lang='lat' dir='ltr'>se</span> 
     </span>
     <span class='ocr_line' id='line_1_6' title="bbox 308 1301 1260 1389; baseline 0.001 -23"><span class='ocrx_word' id='word_1_37' title='bbox 308 1301 462 1368; x_wconf 75' lang='lat' dir='ltr'>adeuntes</span> <span class='ocrx_word' id='word_1_38' title='bbox 490 1303 679 1389; x_wconf 85' lang='lat' dir='ltr'>excipiebat,</span> <span class='ocrx_word' id='word_1_39' title='bbox 711 1316 748 1368; x_wconf 90' lang='lat' dir='ltr'>ut</span> <span class='ocrx_word' id='word_1_40' title='bbox 783 1303 943 1388; x_wconf 90' lang='lat' dir='ltr'>quendam</span> <span class='ocrx_word' id='word_1_41' title='bbox 974 1305 1155 1368; x_wconf 87' lang='lat' dir='ltr'>Romanum</span> <span class='ocrx_word' id='word_1_42' title='bbox 1184 1304 1260 1389; x_wconf 86' lang='lat' dir='ltr'>joco</span> 
     </span>
     <span class='ocr_line' id='line_1_7' title="bbox 308 1403 1259 1490; baseline 0 -23"><span class='ocrx_word' id='word_1_43' title='bbox 308 1405 510 1490; x_wconf 88' lang='lat' dir='ltr'>corripuerit,</span> <span class='ocrx_word' id='word_1_44' title='bbox 524 1404 612 1490; x_wconf 92' lang='lat' dir='ltr'>quod</span> <span class='ocrx_word' id='word_1_45' title='bbox 627 1405 671 1467; x_wconf 87' lang='lat' dir='ltr'>sic</span> <span class='ocrx_word' id='word_1_46' title='bbox 683 1403 742 1469; x_wconf 93' lang='lat' dir='ltr'>sibi</span> <span class='ocrx_word' id='word_1_47' title='bbox 759 1403 902 1468; x_wconf 90' lang='lat' dir='ltr'>libellum</span> <span class='ocrx_word' id='word_1_48' title='bbox 913 1407 1074 1490; x_wconf 83' lang='lat' dir='ltr'>porrigere</span> <span class='ocrx_word' id='word_1_49' title='bbox 1086 1417 1259 1480; x_wconf 83' lang='lat' dir='ltr'>vereretur,</span> 
     </span>
     <span class='ocr_line' id='line_1_8' title="bbox 310 1505 1260 1591; baseline 0.002 -23"><span class='ocrx_word' id='word_1_50' title='bbox 310 1506 402 1588; x_wconf 92' lang='lat' dir='ltr'>quasi</span> <span class='ocrx_word' id='word_1_51' title='bbox 425 1505 595 1591; x_wconf 92' lang='lat' dir='ltr'>elephanto</span> <span class='ocrx_word' id='word_1_52' title='bbox 618 1505 743 1591; x_wconf 88' lang='lat' dir='ltr'>stipem.</span> <span class='ocrx_word' id='word_1_53' title='bbox 787 1508 832 1572; x_wconf 90' lang='lat' dir='ltr'>Et</span> <span class='ocrx_word' id='word_1_54' title='bbox 856 1518 1011 1590; x_wconf 89' lang='lat' dir='ltr'>quantum</span> <span class='ocrx_word' id='word_1_55' title='bbox 1041 1505 1126 1570; x_wconf 89' lang='lat' dir='ltr'>Nero</span> <span class='ocrx_word' id='word_1_56' title='bbox 1150 1505 1260 1570; x_wconf 86' lang='lat' dir='ltr'>adula-</span> 
     </span>
     <span class='ocr_line' id='line_1_9' title="bbox 310 1607 1259 1691; baseline 0.002 -21"><span class='ocrx_word' id='word_1_57' title='bbox 310 1607 451 1670; x_wconf 90' lang='lat' dir='ltr'>tionibus</span> <span class='ocrx_word' id='word_1_58' title='bbox 472 1621 586 1691; x_wconf 87' lang='lat' dir='ltr'>captus</span> <span class='ocrx_word' id='word_1_59' title='bbox 607 1621 667 1684; x_wconf 89' lang='lat' dir='ltr'>est,</span> <span class='ocrx_word' id='word_1_60' title='bbox 689 1618 814 1671; x_wconf 91' lang='lat' dir='ltr'>tantum</span> <span class='ocrx_word' id='word_1_61' title='bbox 837 1607 897 1670; x_wconf 87' lang='lat' dir='ltr'>iste</span> <span class='ocrx_word' id='word_1_62' title='bbox 919 1607 961 1670; x_wconf 90' lang='lat' dir='ltr'>ab</span> <span class='ocrx_word' id='word_1_63' title='bbox 983 1608 1030 1672; x_wconf 88' lang='lat' dir='ltr'>eis</span> <span class='ocrx_word' id='word_1_64' title='bbox 1052 1629 1183 1673; x_wconf 88' lang='lat' dir='ltr'>aversus</span> <span class='ocrx_word' id='word_1_65' title='bbox 1202 1620 1259 1672; x_wconf 83' lang='lat' dir='ltr'>est·</span> 
     </span>
     <span class='ocr_line' id='line_1_10' title="bbox 309 1707 1259 1793; baseline 0.003 -24"><span class='ocrx_word' id='word_1_66' title='bbox 309 1707 405 1770; x_wconf 93' lang='lat' dir='ltr'>Unde</span> <span class='ocrx_word' id='word_1_67' title='bbox 420 1708 661 1793; x_wconf 90' lang='lat' dir='ltr'>appellationem</span> <span class='ocrx_word' id='word_1_68' title='bbox 678 1707 808 1782; x_wconf 91' lang='lat' dir='ltr'>domini,</span> <span class='ocrx_word' id='word_1_69' title='bbox 825 1721 863 1771; x_wconf 91' lang='lat' dir='ltr'>ut</span> <span class='ocrx_word' id='word_1_70' title='bbox 877 1707 1081 1772; x_wconf 87' lang='lat' dir='ltr'>maledictum</span> <span class='ocrx_word' id='word_1_71' title='bbox 1096 1719 1128 1772; x_wconf 90' lang='lat' dir='ltr'>et</span> <span class='ocrx_word' id='word_1_72' title='bbox 1143 1729 1259 1793; x_wconf 87' lang='lat' dir='ltr'>oppro-</span> 
     </span>
     <span class='ocr_line' id='line_1_11' title="bbox 308 1806 1258 1894; baseline 0.003 -24"><span class='ocrx_word' id='word_1_73' title='bbox 308 1806 426 1883; x_wconf 91' lang='lat' dir='ltr'>brium,</span> <span class='ocrx_word' id='word_1_74' title='bbox 443 1830 565 1894; x_wconf 86' lang='lat' dir='ltr'>semper</span> <span class='ocrx_word' id='word_1_75' title='bbox 579 1807 757 1874; x_wconf 86' lang='lat' dir='ltr'>exhorruit.</span> <span class='ocrx_word' id='word_1_76' title='bbox 801 1807 950 1892; x_wconf 90' lang='lat' dir='ltr'>Denique</span> <span class='ocrx_word' id='word_1_77' title='bbox 969 1829 1071 1893; x_wconf 92' lang='lat' dir='ltr'>quum</span> <span class='ocrx_word' id='word_1_78' title='bbox 1086 1806 1188 1872; x_wconf 90' lang='lat' dir='ltr'>eidem</span> <span class='ocrx_word' id='word_1_79' title='bbox 1204 1808 1258 1873; x_wconf 87' lang='lat' dir='ltr'>de-</span> 
     </span>
     <span class='ocr_line' id='line_1_12' title="bbox 309 1907 1256 1996; baseline 0.003 -24"><span class='ocrx_word' id='word_1_80' title='bbox 309 1908 469 1972; x_wconf 86' lang='lat' dir='ltr'>scendenti</span> <span class='ocrx_word' id='word_1_81' title='bbox 486 1933 541 1996; x_wconf 90' lang='lat' dir='ltr'>per</span> <span class='ocrx_word' id='word_1_82' title='bbox 551 1933 671 1974; x_wconf 85' lang='lat' dir='ltr'>sacram</span> <span class='ocrx_word' id='word_1_83' title='bbox 683 1912 777 1987; x_wconf 87' lang='lat' dir='ltr'>viam,</span> <span class='ocrx_word' id='word_1_84' title='bbox 786 1907 973 1995; x_wconf 88' lang='lat' dir='ltr'>desperatus</span> <span class='ocrx_word' id='word_1_85' title='bbox 984 1908 1114 1995; x_wconf 89' lang='lat' dir='ltr'>quidam</span> <span class='ocrx_word' id='word_1_86' title='bbox 1126 1909 1256 1984; x_wconf 86' lang='lat' dir='ltr'>diceret,</span> 
     </span>
     <span class='ocr_line' id='line_1_13' title="bbox 310 2010 1258 2096; baseline 0.003 -24"><span class='ocrx_word' id='word_1_87' title='bbox 310 2010 340 2072; x_wconf 96' lang='grc'>0</span> <span class='ocrx_word' id='word_1_88' title='bbox 350 2023 499 2095; x_wconf 67' lang='lat' dir='ltr'>tyrannm</span> <span class='ocrx_word' id='word_1_89' title='bbox 518 2012 552 2075; x_wconf 89' lang='lat' dir='ltr'>Si</span> <span class='ocrx_word' id='word_1_90' title='bbox 563 2033 677 2089; x_wconf 91' lang='lat' dir='ltr'>essem,</span> <span class='ocrx_word' id='word_1_91' title='bbox 688 2011 804 2096; x_wconf 89' lang='lat' dir='ltr'>inquit,</span> <span class='ocrx_word' id='word_1_92' title='bbox 817 2033 880 2074; x_wconf 91' lang='lat' dir='ltr'>non</span> <span class='ocrx_word' id='word_1_93' title='bbox 892 2011 1021 2076; x_wconf 82' lang='lat' dir='ltr'>diceres.</span> <span class='ocrx_word' id='word_1_94' title='bbox 1045 2011 1258 2076; x_wconf 80' lang='lat' dir='ltr'>Observatum</span> 
     </span>
     <span class='ocr_line' id='line_1_14' title="bbox 307 2112 1261 2200; baseline 0.003 -25"><span class='ocrx_word' id='word_1_95' title='bbox 307 2113 422 2176; x_wconf 89' lang='lat' dir='ltr'>etenim</span> <span class='ocrx_word' id='word_1_96' title='bbox 438 2125 497 2194; x_wconf 86' lang='lat' dir='ltr'>est,</span> <span class='ocrx_word' id='word_1_97' title='bbox 511 2117 660 2200; x_wconf 90' lang='lat' dir='ltr'>quotiens</span> <span class='ocrx_word' id='word_1_98' title='bbox 678 2113 919 2197; x_wconf 85' lang='lat' dir='ltr'>ingrediebatur</span> <span class='ocrx_word' id='word_1_99' title='bbox 940 2113 1063 2189; x_wconf 91' lang='lat' dir='ltr'>urbem,</span> <span class='ocrx_word' id='word_1_100' title='bbox 1078 2135 1117 2176; x_wconf 90' lang='lat' dir='ltr'>ne</span> <span class='ocrx_word' id='word_1_101' title='bbox 1140 2112 1261 2199; x_wconf 90' lang='lat' dir='ltr'>suppli·</span> 
     </span>
     <span class='ocr_line' id='line_1_15' title="bbox 308 2214 1258 2302; baseline 0.001 -25"><span class='ocrx_word' id='word_1_102' title='bbox 308 2214 393 2278; x_wconf 89' lang='lat' dir='ltr'>cium</span> <span class='ocrx_word' id='word_1_103' title='bbox 405 2214 445 2278; x_wconf 90' lang='lat' dir='ltr'>de</span> <span class='ocrx_word' id='word_1_104' title='bbox 456 2238 618 2302; x_wconf 92' lang='lat' dir='ltr'>quoquam</span> <span class='ocrx_word' id='word_1_105' title='bbox 630 2229 817 2282; x_wconf 89' lang='lat' dir='ltr'>sumeretur.</span> <span class='ocrx_word' id='word_1_106' title='bbox 841 2215 976 2282; x_wconf 87' lang='lat' dir='ltr'>Curtius</span> <span class='ocrx_word' id='word_1_107' title='bbox 986 2237 1084 2301; x_wconf 86' lang='lat' dir='ltr'>eques</span> <span class='ocrx_word' id='word_1_108' title='bbox 1095 2219 1258 2281; x_wconf 86' lang='lat' dir='ltr'>Romanus</span> 
     </span>
     <span class='ocr_line' id='line_1_16' title="bbox 308 2315 1258 2404; baseline 0 -24"><span class='ocrx_word' id='word_1_109' title='bbox 308 2315 426 2380; x_wconf 88' lang='lat' dir='ltr'>delitiis</span> <span class='ocrx_word' id='word_1_110' title='bbox 439 2319 586 2398; x_wconf 87' lang='lat' dir='ltr'>affluens,</span> <span class='ocrx_word' id='word_1_111' title='bbox 600 2341 702 2404; x_wconf 90' lang='lat' dir='ltr'>quum</span> <span class='ocrx_word' id='word_1_112' title='bbox 719 2341 860 2383; x_wconf 91' lang='lat' dir='ltr'>macrum</span> <span class='ocrx_word' id='word_1_113' title='bbox 877 2316 1009 2383; x_wconf 89' lang='lat' dir='ltr'>turdum</span> <span class='ocrx_word' id='word_1_114' title='bbox 1025 2318 1208 2403; x_wconf 88' lang='lat' dir='ltr'>sumpsisset</span> <span class='ocrx_word' id='word_1_115' title='bbox 1224 2317 1258 2381; x_wconf 94' lang='lat' dir='ltr'>in</span> 
     </span>
     <span class='ocr_line' id='line_1_17' title="bbox 308 2417 1256 2503; baseline 0.003 -24"><span class='ocrx_word' id='word_1_116' title='bbox 308 2417 455 2481; x_wconf 81' lang='lat' dir='ltr'>convivio</span> <span class='ocrx_word' id='word_1_117' title='bbox 483 2419 632 2498; x_wconf 83' lang='lat' dir='ltr'>Caesaris,</span> <span class='ocrx_word' id='word_1_118' title='bbox 659 2419 868 2503; x_wconf 80' lang='lat' dir='ltr'>interrogavit</span> <span class='ocrx_word' id='word_1_119' title='bbox 897 2440 937 2482; x_wconf 88' lang='lat' dir='ltr'>an</span> <span class='ocrx_word' id='word_1_120' title='bbox 972 2418 1097 2482; x_wconf 89' lang='lat' dir='ltr'>mittere</span> <span class='ocrx_word' id='word_1_121' title='bbox 1126 2418 1256 2493; x_wconf 87' lang='lat' dir='ltr'>liceret;</span> 
     </span>
     <span class='ocr_line' id='line_1_18' title="bbox 308 2514 1258 2604; baseline 0.004 -26"><span class='ocrx_word' id='word_1_122' title='bbox 308 2514 471 2600; x_wconf 90' lang='lat' dir='ltr'>respondit</span> <span class='ocrx_word' id='word_1_123' title='bbox 500 2517 659 2604; x_wconf 89' lang='lat' dir='ltr'>princeps,</span> <span class='ocrx_word' id='word_1_124' title='bbox 685 2519 806 2596; x_wconf 85' lang='lat' dir='ltr'>Quidni</span> <span class='ocrx_word' id='word_1_125' title='bbox 832 2519 948 2583; x_wconf 82' lang='lat' dir='ltr'>liceat?</span> <span class='ocrx_word' id='word_1_126' title='bbox 984 2517 1041 2581; x_wconf 92' lang='lat' dir='ltr'>llle</span> <span class='ocrx_word' id='word_1_127' title='bbox 1067 2521 1174 2583; x_wconf 90' lang='lat' dir='ltr'>statim</span> <span class='ocrx_word' id='word_1_128' title='bbox 1200 2541 1258 2604; x_wconf 90' lang='lat' dir='ltr'>per</span> 
     </span>
     <span class='ocr_line' id='line_1_19' title="bbox 308 2616 1258 2706; baseline 0.006 -28"><span class='ocrx_word' id='word_1_129' title='bbox 308 2616 476 2681; x_wconf 87' lang='lat' dir='ltr'>fenestram</span> <span class='ocrx_word' id='word_1_130' title='bbox 489 2618 584 2686; x_wconf 90' lang='lat' dir='ltr'>misit.</span> <span class='ocrx_word' id='word_1_131' title='bbox 614 2619 711 2684; x_wconf 80' lang='lat' dir='ltr'>Miles</span> <span class='ocrx_word' id='word_1_132' title='bbox 722 2619 845 2706; x_wconf 88' lang='lat' dir='ltr'>peritus</span> <span class='ocrx_word' id='word_1_133' title='bbox 859 2619 999 2705; x_wconf 86' lang='lat' dir='ltr'>aucupii,</span> <span class='ocrx_word' id='word_1_134' title='bbox 1011 2632 1172 2699; x_wconf 84' lang='lat' dir='ltr'>noctuam,</span> <span class='ocrx_word' id='word_1_135' title='bbox 1183 2642 1258 2706; x_wconf 81' lang='lat' dir='ltr'>quas</span> 
     </span>
     <span class='ocr_line' id='line_1_20' title="bbox 309 2718 1258 2807; baseline 0.004 -25"><span class='ocrx_word' id='word_1_136' title='bbox 309 2718 443 2782; x_wconf 75' lang='lat' dir='ltr'>Coesaris</span> <span class='ocrx_word' id='word_1_137' title='bbox 472 2734 581 2786; x_wconf 85' lang='lat' dir='ltr'>noctes</span> <span class='ocrx_word' id='word_1_138' title='bbox 609 2722 852 2807; x_wconf 78' lang='lat' dir='ltr'>inquietaverat,</span> <span class='ocrx_word' id='word_1_139' title='bbox 883 2744 939 2806; x_wconf 92' lang='lat' dir='ltr'>spe</span> <span class='ocrx_word' id='word_1_140' title='bbox 967 2721 1105 2806; x_wconf 89' lang='lat' dir='ltr'>ingentis</span> <span class='ocrx_word' id='word_1_141' title='bbox 1134 2722 1258 2807; x_wconf 82' lang='lat' dir='ltr'>praemii</span> 
     </span>
     <span class='ocr_line' id='line_1_21' title="bbox 306 2820 1258 2906; baseline 0.007 -25"><span class='ocrx_word' id='word_1_142' title='bbox 306 2831 432 2904; x_wconf 85' lang='lat' dir='ltr'>captam</span> <span class='ocrx_word' id='word_1_143' title='bbox 449 2821 525 2884; x_wconf 90' lang='lat' dir='ltr'>tulit</span> <span class='ocrx_word' id='word_1_144' title='bbox 539 2821 580 2884; x_wconf 90' lang='lat' dir='ltr'>ad</span> <span class='ocrx_word' id='word_1_145' title='bbox 597 2823 765 2886; x_wconf 66' lang='lat' dir='ltr'>Caesarem.</span> <span class='ocrx_word' id='word_1_146' title='bbox 812 2820 959 2886; x_wconf 85' lang='lat' dir='ltr'>Laudato</span> <span class='ocrx_word' id='word_1_147' title='bbox 976 2822 1156 2906; x_wconf 87' lang='lat' dir='ltr'>Imperator</span> <span class='ocrx_word' id='word_1_148' title='bbox 1171 2821 1258 2888; x_wconf 88' lang='lat' dir='ltr'>mille</span> 
     </span>
     <span class='ocr_line' id='line_1_22' title="bbox 308 2921 1259 3009; baseline 0.006 -27"><span class='ocrx_word' id='word_1_149' title='bbox 308 2941 456 2985; x_wconf 90' lang='lat' dir='ltr'>nummos</span> <span class='ocrx_word' id='word_1_150' title='bbox 477 2922 546 2986; x_wconf 91' lang='lat' dir='ltr'>dari</span> <span class='ocrx_word' id='word_1_151' title='bbox 564 2921 671 3009; x_wconf 88' lang='lat' dir='ltr'>jussit.</span> <span class='ocrx_word' id='word_1_152' title='bbox 715 2927 759 2988; x_wconf 74' lang='lat' dir='ltr'>At</span> <span class='ocrx_word' id='word_1_153' title='bbox 781 2923 834 2988; x_wconf 89' lang='lat' dir='ltr'>ille</span> <span class='ocrx_word' id='word_1_154' title='bbox 853 2945 951 2988; x_wconf 89' lang='lat' dir='ltr'>ausus</span> <span class='ocrx_word' id='word_1_155' title='bbox 969 2936 1017 2987; x_wconf 91' lang='lat' dir='ltr'>est</span> <span class='ocrx_word' id='word_1_156' title='bbox 1039 2922 1154 3002; x_wconf 88' lang='lat' dir='ltr'>dicere,</span> <span class='ocrx_word' id='word_1_157' title='bbox 1169 2923 1259 2988; x_wconf 91' lang='lat' dir='ltr'>Malo</span> 
     </span>
     <span class='ocr_line' id='line_1_23' title="bbox 305 3020 1255 3110; baseline 0.007 -27"><span class='ocrx_word' id='word_1_158' title='bbox 305 3020 403 3102; x_wconf 88' lang='lat' dir='ltr'>vivat,</span> <span class='ocrx_word' id='word_1_159' title='bbox 427 3043 582 3110; x_wconf 88' lang='lat' dir='ltr'>avemque</span> <span class='ocrx_word' id='word_1_160' title='bbox 606 3023 737 3090; x_wconf 87' lang='lat' dir='ltr'>dimisit.</span> <span class='ocrx_word' id='word_1_161' title='bbox 782 3023 935 3110; x_wconf 87' lang='lat' dir='ltr'>Abiitque</span> <span class='ocrx_word' id='word_1_162' title='bbox 963 3036 1134 3090; x_wconf 84' lang='lat' dir='ltr'>contumax</span> <span class='ocrx_word' id='word_1_163' title='bbox 1164 3023 1255 3091; x_wconf 89' lang='lat' dir='ltr'>miles</span> 
     </span>
     <span class='ocr_line' id='line_1_24' title="bbox 306 3123 1254 3205; baseline 0.007 -21"><span class='ocrx_word' id='word_1_164' title='bbox 306 3143 369 3184; x_wconf 93' lang='lat' dir='ltr'>non</span> <span class='ocrx_word' id='word_1_165' title='bbox 392 3123 459 3186; x_wconf 89' lang='lat' dir='ltr'>sine</span> <span class='ocrx_word' id='word_1_166' title='bbox 480 3123 687 3190; x_wconf 87' lang='lat' dir='ltr'>admiratione</span> <span class='ocrx_word' id='word_1_167' title='bbox 708 3124 897 3205; x_wconf 90' lang='lat' dir='ltr'>multorum,</span> <span class='ocrx_word' id='word_1_168' title='bbox 912 3125 1020 3189; x_wconf 83' lang='lat' dir='ltr'>Caesar</span> <span class='ocrx_word' id='word_1_169' title='bbox 1042 3147 1103 3189; x_wconf 92' lang='lat' dir='ltr'>nou</span> <span class='ocrx_word' id='word_1_170' title='bbox 1126 3125 1254 3191; x_wconf 82' lang='lat' dir='ltr'>offenso.</span> 
     </span>
     <span class='ocr_line' id='line_1_25' title="bbox 307 3223 1254 3311; baseline 0.005 -25"><span class='ocrx_word' id='word_1_171' title='bbox 307 3223 483 3288; x_wconf 80' lang='lat' dir='ltr'>veteranus</span> <span class='ocrx_word' id='word_1_172' title='bbox 494 3247 594 3310; x_wconf 89' lang='lat' dir='ltr'>quum</span> <span class='ocrx_word' id='word_1_173' title='bbox 606 3225 667 3289; x_wconf 91' lang='lat' dir='ltr'>sibi</span> <span class='ocrx_word' id='word_1_174' title='bbox 677 3223 730 3293; x_wconf 87' lang='lat' dir='ltr'>die</span> <span class='ocrx_word' id='word_1_175' title='bbox 740 3225 829 3290; x_wconf 90' lang='lat' dir='ltr'>dicto</span> <span class='ocrx_word' id='word_1_176' title='bbox 838 3224 1081 3311; x_wconf 85' lang='lat' dir='ltr'>periclitaretur,</span> <span class='ocrx_word' id='word_1_177' title='bbox 1095 3228 1254 3292; x_wconf 84' lang='lat' dir='ltr'>Caesarem</span> 
     </span>
     <span class='ocr_line' id='line_1_26' title="bbox 306 3325 1256 3412; baseline 0.007 -25"><span class='ocrx_word' id='word_1_178' title='bbox 306 3325 431 3410; x_wconf 84' lang='lat' dir='ltr'>rogarit</span> <span class='ocrx_word' id='word_1_179' title='bbox 451 3325 483 3390; x_wconf 92' lang='lat' dir='ltr'>in</span> <span class='ocrx_word' id='word_1_180' title='bbox 506 3327 635 3412; x_wconf 89' lang='lat' dir='ltr'>publico</span> <span class='ocrx_word' id='word_1_181' title='bbox 653 3339 690 3392; x_wconf 89' lang='lat' dir='ltr'>ut</span> <span class='ocrx_word' id='word_1_182' title='bbox 715 3327 856 3391; x_wconf 84' lang='lat' dir='ltr'>adesset:</span> <span class='ocrx_word' id='word_1_183' title='bbox 884 3326 937 3390; x_wconf 91' lang='lat' dir='ltr'>ille</span> <span class='ocrx_word' id='word_1_184' title='bbox 960 3327 1256 3412; x_wconf 68' lang='lat' dir='ltr'>praestantissimum</span> 
     </span>
     <span class='ocr_line' id='line_1_27' title="bbox 304 3423 1256 3512; baseline 0.007 -26"><span class='ocrx_word' id='word_1_185' title='bbox 304 3423 508 3503; x_wconf 83' lang='lat' dir='ltr'>advocatum,</span> <span class='ocrx_word' id='word_1_186' title='bbox 523 3448 619 3512; x_wconf 91' lang='lat' dir='ltr'>quem</span> <span class='ocrx_word' id='word_1_187' title='bbox 635 3430 785 3511; x_wconf 87' lang='lat' dir='ltr'>elegerat,</span> <span class='ocrx_word' id='word_1_188' title='bbox 799 3426 867 3490; x_wconf 92' lang='lat' dir='ltr'>sine</span> <span class='ocrx_word' id='word_1_189' title='bbox 881 3447 968 3490; x_wconf 92' lang='lat' dir='ltr'>mora</span> <span class='ocrx_word' id='word_1_190' title='bbox 983 3425 1083 3506; x_wconf 89' lang='lat' dir='ltr'>dedit,</span> <span class='ocrx_word' id='word_1_191' title='bbox 1097 3449 1256 3492; x_wconf 90' lang='lat' dir='ltr'>commen·</span> 
     </span>
     <span class='ocr_line' id='line_1_28' title="bbox 304 3526 1257 3614; baseline 0.005 -24"><span class='ocrx_word' id='word_1_192' title='bbox 304 3526 458 3612; x_wconf 86' lang='lat' dir='ltr'>davitque</span> <span class='ocrx_word' id='word_1_193' title='bbox 471 3528 500 3591; x_wconf 88' lang='lat' dir='ltr'>ei</span> <span class='ocrx_word' id='word_1_194' title='bbox 515 3527 718 3614; x_wconf 84' lang='lat' dir='ltr'>litigatorem.</span> <span class='ocrx_word' id='word_1_195' title='bbox 755 3531 932 3592; x_wconf 87' lang='lat' dir='ltr'>Veteranus</span> <span class='ocrx_word' id='word_1_196' title='bbox 946 3539 1052 3592; x_wconf 89' lang='lat' dir='ltr'>autem</span> <span class='ocrx_word' id='word_1_197' title='bbox 1068 3528 1257 3596; x_wconf 84' lang='lat' dir='ltr'>exclamavit</span> 
     </span>
     <span class='ocr_line' id='line_1_29' title="bbox 306 3627 1257 3714; baseline 0.009 -27"><span class='ocrx_word' id='word_1_198' title='bbox 306 3648 382 3690; x_wconf 86' lang='lat' dir='ltr'>voce</span> <span class='ocrx_word' id='word_1_199' title='bbox 398 3650 533 3714; x_wconf 81' lang='lat' dir='ltr'>magna:</span> <span class='ocrx_word' id='word_1_200' title='bbox 556 3635 598 3694; x_wconf 88' lang='lat' dir='ltr'>At</span> <span class='ocrx_word' id='word_1_201' title='bbox 613 3651 674 3692; x_wconf 88' lang='lat' dir='ltr'>non</span> <span class='ocrx_word' id='word_1_202' title='bbox 689 3651 762 3714; x_wconf 82' lang='lat' dir='ltr'>ego,</span> <span class='ocrx_word' id='word_1_203' title='bbox 777 3629 898 3705; x_wconf 72' lang='lat' dir='ltr'>Caesar,</span> <span class='ocrx_word' id='word_1_204' title='bbox 914 3627 1111 3714; x_wconf 89' lang='lat' dir='ltr'>periclitante</span> <span class='ocrx_word' id='word_1_205' title='bbox 1127 3643 1158 3694; x_wconf 93' lang='lat' dir='ltr'>te</span> <span class='ocrx_word' id='word_1_206' title='bbox 1173 3630 1257 3696; x_wconf 90' lang='lat' dir='ltr'>bello</span> 
     </span>
    </p>
   </div>
   <div class='ocr_carea' id='block_1_3' title="bbox 302 3727 1263 4422">
    <p class='ocr_par' dir='ltr' id='par_1_3' title="bbox 302 3727 1263 4422">
     <span class='ocr_line' id='line_1_30' title="bbox 303 3727 1263 3818; baseline 0.006 -28"><span class='ocrx_word' id='word_1_207' title='bbox 303 3727 446 3807; x_wconf 79' lang='lat' dir='ltr'>Actiaco,</span> <span class='ocrx_word' id='word_1_208' title='bbox 468 3729 620 3794; x_wconf 91' lang='lat' dir='ltr'>vicarium</span> <span class='ocrx_word' id='word_1_209' title='bbox 641 3729 787 3816; x_wconf 79' lang='lat' dir='ltr'>quaesivi,</span> <span class='ocrx_word' id='word_1_210' title='bbox 808 3728 864 3794; x_wconf 89' lang='lat' dir='ltr'>sed</span> <span class='ocrx_word' id='word_1_211' title='bbox 887 3751 946 3816; x_wconf 89' lang='lat' dir='ltr'>pro</span> <span class='ocrx_word' id='word_1_212' title='bbox 968 3743 999 3795; x_wconf 89' lang='lat' dir='ltr'>te</span> <span class='ocrx_word' id='word_1_213' title='bbox 1013 3729 1082 3816; x_wconf 89' lang='lat' dir='ltr'>ipse</span> <span class='ocrx_word' id='word_1_214' title='bbox 1102 3733 1263 3818; x_wconf 75' lang='lat' dir='ltr'>pugnavi,</span> 
     </span>
     <span class='ocr_line' id='line_1_31' title="bbox 302 3826 1255 3918; baseline 0.008 -28"><span class='ocrx_word' id='word_1_215' title='bbox 302 3826 843 3918; x_wconf 83' lang='lat' dir='ltr'>detexitqueimpressaseicatriees.</span> <span class='ocrx_word' id='word_1_216' title='bbox 874 3829 1013 3898; x_wconf 87' lang='lat' dir='ltr'>Erubuit</span> <span class='ocrx_word' id='word_1_217' title='bbox 1023 3835 1142 3909; x_wconf 75' lang='lat' dir='ltr'>Caesar,</span> <span class='ocrx_word' id='word_1_218' title='bbox 1153 3837 1255 3898; x_wconf 83' lang='lat' dir='ltr'>renit-</span> 
     </span>
     <span class='ocr_line' id='line_1_32' title="bbox 303 3930 1256 4018; baseline 0.006 -25"><span class='ocrx_word' id='word_1_219' title='bbox 303 3930 412 4013; x_wconf 89' lang='lat' dir='ltr'>quein</span> <span class='ocrx_word' id='word_1_220' title='bbox 435 3930 684 4011; x_wconf 85' lang='lat' dir='ltr'>advocationem,</span> <span class='ocrx_word' id='word_1_221' title='bbox 698 3944 735 3998; x_wconf 91' lang='lat' dir='ltr'>ut</span> <span class='ocrx_word' id='word_1_222' title='bbox 754 3933 810 4018; x_wconf 92' lang='lat' dir='ltr'>qui</span> <span class='ocrx_word' id='word_1_223' title='bbox 830 3945 993 3997; x_wconf 84' lang='lat' dir='ltr'>vereretur</span> <span class='ocrx_word' id='word_1_224' title='bbox 1013 3953 1075 3996; x_wconf 92' lang='lat' dir='ltr'>non</span> <span class='ocrx_word' id='word_1_225' title='bbox 1096 3934 1256 4018; x_wconf 90' lang='lat' dir='ltr'>superbus</span> 
     </span>
     <span class='ocr_line' id='line_1_33' title="bbox 304 4034 1253 4120; baseline 0.008 -26"><span class='ocrx_word' id='word_1_226' title='bbox 304 4043 440 4112; x_wconf 88' lang='lat' dir='ltr'>tantum,</span> <span class='ocrx_word' id='word_1_227' title='bbox 454 4034 509 4098; x_wconf 86' lang='lat' dir='ltr'>sed</span> <span class='ocrx_word' id='word_1_228' title='bbox 524 4037 619 4100; x_wconf 88' lang='lat' dir='ltr'>etiam</span> <span class='ocrx_word' id='word_1_229' title='bbox 634 4035 781 4120; x_wconf 85' lang='lat' dir='ltr'>ingratus</span> <span class='ocrx_word' id='word_1_230' title='bbox 797 4034 907 4098; x_wconf 81' lang='lat' dir='ltr'>rideri.</span> <span class='ocrx_word' id='word_1_231' title='bbox 947 4035 1126 4100; x_wconf 83' lang='lat' dir='ltr'>intraverat</span> <span class='ocrx_word' id='word_1_232' title='bbox 1142 4039 1253 4102; x_wconf 87' lang='lat' dir='ltr'>urbem</span> 
     </span>
     <span class='ocr_line' id='line_1_34' title="bbox 303 4129 1255 4222; baseline 0.012 -28"><span class='ocrx_word' id='word_1_233' title='bbox 303 4129 484 4198; x_wconf 86' lang='lat' dir='ltr'>adolescens</span> <span class='ocrx_word' id='word_1_234' title='bbox 494 4135 672 4201; x_wconf 87' lang='lat' dir='ltr'>simillimus</span> <span class='ocrx_word' id='word_1_235' title='bbox 682 4139 814 4216; x_wconf 80' lang='lat' dir='ltr'>Caesari,</span> <span class='ocrx_word' id='word_1_236' title='bbox 825 4135 1080 4222; x_wconf 87' lang='lat' dir='ltr'>perductumque</span> <span class='ocrx_word' id='word_1_237' title='bbox 1095 4137 1136 4202; x_wconf 90' lang='lat' dir='ltr'>ad</span> <span class='ocrx_word' id='word_1_238' title='bbox 1149 4141 1255 4204; x_wconf 86' lang='lat' dir='ltr'>Caesa·</span> 
     </span>
     <span class='ocr_line' id='line_1_35' title="bbox 303 4232 1256 4321; baseline 0.012 -27"><span class='ocrx_word' id='word_1_239' title='bbox 303 4253 369 4295; x_wconf 89' lang='lat' dir='ltr'>rem</span> <span class='ocrx_word' id='word_1_240' title='bbox 385 4232 590 4318; x_wconf 79' lang='lat' dir='ltr'>interrogarit</span> <span class='ocrx_word' id='word_1_241' title='bbox 606 4242 791 4321; x_wconf 80' lang='lat' dir='ltr'>Augustus:</span> <span class='ocrx_word' id='word_1_242' title='bbox 818 4237 879 4302; x_wconf 90' lang='lat' dir='ltr'>Die</span> <span class='ocrx_word' id='word_1_243' title='bbox 896 4237 972 4301; x_wconf 92' lang='lat' dir='ltr'>mihi</span> <span class='ocrx_word' id='word_1_244' title='bbox 987 4237 1179 4318; x_wconf 82' lang='lat' dir='ltr'>adolescens,</span> <span class='ocrx_word' id='word_1_245' title='bbox 1194 4241 1256 4305; x_wconf 81' lang='lat' dir='ltr'>tuit</span> 
     </span>
     <span class='ocr_line' id='line_1_36' title="bbox 304 4337 1257 4422; baseline 0.009 -27"><span class='ocrx_word' id='word_1_246' title='bbox 304 4354 446 4418; x_wconf 90' lang='lat' dir='ltr'>unquam</span> <span class='ocrx_word' id='word_1_247' title='bbox 459 4349 558 4400; x_wconf 88' lang='lat' dir='ltr'>mater</span> <span class='ocrx_word' id='word_1_248' title='bbox 570 4349 626 4400; x_wconf 89' lang='lat' dir='ltr'>tua</span> <span class='ocrx_word' id='word_1_249' title='bbox 636 4340 771 4403; x_wconf 74' lang='lat' dir='ltr'>Roma?</span> <span class='ocrx_word' id='word_1_250' title='bbox 797 4337 934 4422; x_wconf 86' lang='lat' dir='ltr'>Negavit</span> <span class='ocrx_word' id='word_1_251' title='bbox 948 4337 1011 4414; x_wconf 87' lang='lat' dir='ltr'>ille,</span> <span class='ocrx_word' id='word_1_252' title='bbox 1022 4361 1077 4402; x_wconf 88' lang='lat' dir='ltr'>nec</span> <span class='ocrx_word' id='word_1_253' title='bbox 1090 4355 1257 4406; x_wconf 87' lang='lat' dir='ltr'>contentus</span> 
     </span>
    </p>
   </div>
   <div class='ocr_carea' id='block_1_4' title="bbox 0 0 1718 5367">
    <p class='ocr_par' dir='ltr' id='par_1_4' title="bbox 0 0 1718 5367">
     <span class='ocr_line' id='line_1_37' title="bbox 0 0 1718 5367; baseline 0 2"><span class='ocrx_word' id='word_1_254' title='bbox 0 0 1718 5367; x_wconf 95' lang='lat' dir='ltr'> </span> 
     </span>
    </p>
   </div>
  </div>
 </body>
</html>
