3425 5367
436 698 477 755 44
701 704 837 751 sonuum
854 700 1131 747 saansanmnusrs
1265 678 1348 752 [sin.
1366 697 1389 741 r.

434 858 561 923 inimica
577 858 618 923 sit
636 858 760 930 anima,
776 866 808 918 et
828 853 870 917 de
890 850 1052 915 domicilio
1069 849 1140 935 ejus
1159 845 1269 914 omnia·
1281 845 1389 915 studia
1447 939 1451 948 .

433 959 562 1025 virtutis
576 958 726 1023 eliminet.
765 955 891 1021 Clamat
907 951 1054 1030 Etbicus‚

539 1092 632 1145 Cernis
643 1097 673 1144 ut
684 1092 807 1159 ignavum
818 1091 981 1158 corrumpant
993 1086 1047 1138 otia
1059 1100 1157 1154 corpus,

574 1178 611 1229 Et
623 1177 726 1247 capiant
738 1174 836 1237 vitium,
847 1173 876 1224 ni
887 1176 1048 1232 moveantur,
1059 1169 1150 1237 aquae?

435 1294 552 1373 Quod?
575 1294 691 1381 inquis.
729 1292 829 1356 Audi.
868 1291 981 1355 Disces
996 1289 1021 1352 si
1037 1288 1138 1350 eidem
1155 1285 1333 1351 credideris.

539 1425 669 1497 Quaeritur
680 1422 818 1491 AEgisthus
829 1439 907 1493 quare
918 1421 954 1472 sit
963 1417 1046 1471 factus
1058 1418 1169 1482 adulter,

576 1511 663 1563 Causa
675 1515 715 1563 est
726 1511 753 1561 in
765 1514 892 1584 promptu,
904 1506 1047 1559 desidiosus
1059 1510 1124 1558 erat.

434 1629 656 1697 Literatissimi
681 1652 757 1713 ergo
784 1626 842 1691 viri
869 1624 1034 1690 consilium
1060 1637 1127 1696 est;
1164 1637 1200 1688 ut
1226 1622 1326 1687 hostis
1352 1633 1383 1686 te

434 1754 557 1817 semper
575 1732 716 1797 inveniat
736 1742 940 1816 occupatum,
956 1751 1022 1813 quo
1044 1727 1139 1790 variis
1154 1724 1385 1791 tentationibus

433 1835 514 1919 ejus,
541 1834 785 1919 occupationum
823 1844 951 1895 tuarum
982 1828 1110 1915 clypeos
1140 1841 1203 1898 tam
1239 1824 1383 1897 feliciter,

434 1955 529 2025 quam
545 1931 720 2019 prudenter
734 1952 886 2017 opponas.

574 2064 691 2117 Vitanda
702 2069 752 2128 est,
764 2063 848 2131 inquit
860 2062 979 2127 Etbicus,
990 2064 1108 2134 improba
1119 2063 1194 2122 Siren

539 2148 661 2205 Desidia.

433 2271 476 2333 At
503 2290 571 2331 eam
598 2269 715 2333 nostris
743 2282 916 2354 prorogant
946 2268 1124 2337 histriones.
1166 2268 1385 2353 Exoccupatis

433 2368 547 2434 etenim
568 2369 729 2434 mentibus
744 2385 916 2457 surrepunt
937 2370 1045 2448 taedia,
1061 2392 1190 2456 seseque
1210 2391 1272 2433 non
1288 2367 1382 2433 susti*

433 2480 554 2549 nerent,
569 2468 594 2533 si
609 2491 671 2532 non
687 2470 823 2555 alicujus
839 2468 1014 2555 voluptatis
1033 2469 1144 2535 solatio
1158 2468 1383 2533 mulcerentur.

432 2568 580 2635 Admisso
607 2583 682 2635 sunt
712 2594 788 2656 ergo
812 2571 991 2658 spectacula
1016 2585 1048 2635 et
1076 2571 1200 2636 infinita
1229 2567 1384 2656 tyrocinia

432 2669 594 2749 vanitatis,
624 2672 744 2758 quibus
777 2672 834 2759 qui
864 2673 993 2737 omnino
1025 2674 1119 2738 otiari
1148 2696 1210 2737 non
1241 2683 1382 2758 possunt,

432 2774 637 2859 perniciosius
658 2790 866 2865 occupentur.
906 2776 1012 2842 Satius
1035 2780 1118 2841 enim
1145 2776 1250 2841 fuerat
1275 2772 1380 2849 otiari,

432 2898 527 2959 quam
541 2877 678 2964 turpiter
688 2879 848 2964 occupari.
881 2878 967 2943 Hinc
978 2878 1076 2953 mimi,
1088 2878 1168 2954 salii,
1182 2877 1231 2941 vel
1243 2876 1383 2951 saliares,

431 2974 621 3058 balatrones,
628 2978 791 3056 ¹aemiliani,
805 2979 1008 3060 gladiatores,
1019 2978 1213 3062 palaestritae,
1228 2976 1383 3062 gignadii,

431 3077 691 3161 praestigiatores,
706 3076 838 3139 malefici
857 3099 987 3159 quoque
1007 3077 1112 3152 multi,
1127 3088 1159 3140 et
1176 3091 1245 3140 tota
1259 3079 1382 3163 jocula-

432 3188 536 3241 torum
554 3196 646 3239 scena
664 3173 817 3261 procedit.
858 3176 1001 3254 Quorum
1026 3174 1106 3237 adeo
1127 3198 1214 3238 error
1233 3174 1382 3256 invaluit,

432 3288 469 3341 ut
492 3299 511 3339 a
526 3274 686 3363 praeclaris
707 3275 856 3340 domibus
871 3298 932 3340 non
950 3289 1127 3353 arceantur,
1144 3275 1239 3341 etiam
1261 3275 1308 3340 illi
1323 3280 1381 3365 qui

431 3378 575 3447 obscenis
594 3378 740 3465 partibus
758 3382 910 3465 corporis,
924 3377 1024 3449 oculis
1042 3380 1182 3445 omnium
1205 3402 1272 3443 eam
1292 3366 1381 3465 inge-

430 3496 506 3548 runt
517 3482 762 3568 turpitudinem,
771 3504 868 3571 quam
878 3482 1042 3547 erubescat
1054 3482 1159 3552 videre
1169 3483 1218 3547 vel
1229 3482 1380 3569 Cynicus.

431 3583 593 3669 Quodque
612 3584 713 3668 magis
735 3586 859 3665 mirere,
875 3607 932 3648 nec
956 3597 1031 3648 tunc
1051 3584 1233 3669 ejiciuntur,
1250 3583 1380 3669 quando

393 3740 401 3753 .
431 3683 665 3749 tumultuantes
679 3686 812 3751 inferius
827 3686 939 3751 crebro
959 3686 1063 3750 sonitu
1079 3708 1181 3773 aerem
1197 3684 1332 3762 ioedant,
1347 3698 1379 3749 et

431 3786 569 3874 turpiter
594 3786 765 3867 inclusum,
789 3789 918 3876 turpius
939 3786 1090 3875 produnt.
1136 3786 1294 3872 Nunquid
1321 3786 1380 3852 tibi

431 3890 560 3955 videtur
575 3888 708 3975 sapiens,
723 3892 780 3977 qui
802 3891 923 3967 oculos,
940 3890 988 3953 vel
1008 3914 1100 3955 aures
1113 3889 1183 3955 istis
1202 3884 1380 3975 expandit?

432 3991 513 4065 Quis
525 4004 629 4055 tamen
642 3992 777 4058 libenter
788 4017 849 4058 non
863 3994 970 4059 videat
981 4010 1013 4058 et
1023 3994 1136 4073 rideat,
1147 4015 1245 4079 quum
1258 3990 1382 4077 praesti-

431 4088 561 4174 giatoris
571 4090 649 4153 lotio
659 4092 781 4178 perfusi
792 4116 844 4157 ars
855 4093 990 4169 deletur,
1002 4105 1035 4155 et
1046 4092 1157 4170 oculis,
1166 4114 1247 4178 quos
1259 4091 1380 4154 malitia

432 4214 488 4256 sua
514 4192 764 4277 praestrinxerat,
790 4194 919 4257 videndi
946 4193 1081 4259 facultas
1104 4196 1290 4281 reparatur?
1321 4197 1382 4259 Ju-

431 4293 571 4359 cundum
587 4294 715 4379 quidem
733 4308 791 4371 est,
807 4306 839 4358 et
853 4296 894 4359 ab
909 4296 1041 4359 honesto
1057 4318 1118 4360 non
1134 4296 1263 4376 recedit,
1275 4295 1378 4359 virum
