3425 5367
429 689 494 750 906
691 701 828 749 Joauurs
845 699 1123 750 snuasssmsrrsrs
1235 686 1317 768 [crs.
1335 707 1387 755 111.

430 865 462 919 et
477 855 600 930 mulier,
618 855 674 919 sed
691 877 754 920 una
769 879 851 921 caro.
885 858 967 921 Haec
985 859 1094 943 utique
1110 859 1306 923 siue’dolore
1321 882 1386 925 non

430 956 594 1030 scinditur,
609 978 714 1041 neque
730 957 798 1020 sine
813 957 936 1021 insidia
951 960 1212 1024 communicatur.

537 1063 600 1117 Non
611 1064 677 1117 bene
689 1081 748 1116 cnm
758 1065 834 1116 sociis
845 1081 928 1132 regna
941 1065 1084 1134 Venusque
1095 1071 1218 1118 manent:

432 1171 464 1224 et
478 1161 561 1226 sicut
576 1164 595 1195 “
608 1164 698 1226 nulla
711 1162 793 1227 fides
807 1163 898 1244 regni
914 1161 1039 1241 sociis,‘'
1054 1164 1098 1226 ita
1112 1185 1173 1227 nec
1190 1165 1260 1227 tori.
1291 1165 1385 1230 Certe

433 1265 558 1328 facilius
573 1275 632 1342 est,
646 1266 737 1346 regni
753 1265 892 1340 divitias,
909 1286 1004 1349 quam
1025 1265 1228 1329 affectionem
1245 1267 1386 1350 conjugii

433 1366 487 1429 alii
503 1365 625 1430 cedere.
670 1366 783 1450 Atqui
798 1385 859 1429 nec
880 1365 933 1428 isti
953 1365 1108 1450 conjuges
1124 1378 1210 1444 sunt,
1226 1365 1282 1429 sed
1296 1368 1386 1430 leno-

358 1516 362 1524 .
431 1489 501 1531 nes.
534 1469 628 1533 Tunc
645 1468 773 1532 demum
790 1469 899 1530 omnia
914 1466 1087 1532 creduntur
1102 1469 1290 1550 eprsuissc
1307 1468 1385 1531 divi-

431 1569 529 1647 tibus,
541 1591 639 1653 quum
655 1570 731 1633 fidei
748 1568 844 1633 fidem
861 1570 957 1633 faciat
972 1570 1053 1633 fides
1064 1571 1189 1633 violata.
1227 1571 1293 1635 Sed
1309 1567 1386 1654 quid

433 1669 515 1735 filias
540 1683 573 1735 et
594 1693 712 1736 uxores
740 1671 840 1756 (quod
863 1672 940 1736 licet
957 1671 1033 1756 jura
1061 1672 1267 1756 prohibeant,
1281 1684 1387 1737 tamen

432 1793 626 1859 quocunque
641 1775 738 1838 modo
753 1786 865 1839 natura
880 1776 1043 1858 permittit)
1061 1775 1183 1858 exponi
1199 1795 1323 1859 queror,
1332 1787 1387 1839 aut

431 1877 604 1960 prostitui?
642 1879 682 1940 In
711 1878 816 1961 ipsam
841 1868 998 1956 naturam,
1028 1878 1120 1962 quasi
1148 1877 1295 1961 gigantes
1321 1879 1387 1957 alii,

433 1978 684 2043 Theomachiam
707 2001 822 2043 novam
844 1973 1242 2060 exercentes,'insurgunt.
1287 1981 1386 2045 Filios

432 2083 569 2144 offerunt
594 2083 722 2160 Veneri,
744 2083 939 2166 eosdemque
964 2084 998 2146 in
1024 2084 1185 2147 oblatione
1205 2103 1385 2168 pupparum

432 2183 571 2263 virgines
596 2183 708 2265 praeire
734 2186 940 2268 compellunt.
987 2187 1025 2248 In
1052 2185 1117 2248 illis
1139 2187 1256 2249 etenim
1283 2186 1386 2250 aetatis

432 2283 596 2346 maturitas
617 2293 821 2368 expectatur,
842 2295 876 2348 at
895 2285 926 2346 in
943 2285 994 2347 his
1009 2285 1130 2348 sufficit
1147 2285 1260 2351 alienae
1280 2287 1385 2370 impu-

432 2384 552 2448 dicitiae
563 2386 759 2469 voluptatem
774 2407 869 2470 posse
885 2387 1018 2470 expleri.
1049 2386 1155 2450 Pudet
1171 2388 1287 2466 dicere,
1296 2385 1384 2472 quod

432 2487 556 2570 seipsos
579 2488 634 2550 viri
656 2498 748 2571 aetate
771 2489 985 2572 provectiores
1012 2497 1044 2553 et
1066 2510 1172 2568 sensu,
1194 2488 1385 2573 turpitudini

432 2597 529 2652 tantas
549 2609 615 2650 non
637 2589 838 2666 subtrahunt,
853 2598 886 2652 et
901 2609 1000 2673 quum
1016 2590 1120 2653 cosin
1138 2590 1288 2654 nobiliori
1303 2611 1385 2653 sexu

431 2699 544 2753 natura
553 2691 715 2769 creaverit,
725 2690 766 2754 ad
776 2690 961 2754 deteriorem
973 2702 1126 2776 quantum
1139 2693 1172 2756 in
1182 2691 1261 2776 ipsis
1273 2701 1332 2772 cst,
1344 2713 1387 2756 ex

430 2791 542 2855 innata
556 2792 676 2855 malitia
696 2789 917 2876 prolabuntur,
932 2792 1104 2855 effeminati
1120 2792 1196 2855 vitio
1211 2799 1244 2855 et
1258 2813 1387 2875 corrup·

432 2895 495 2957 tela
516 2915 652 2968 morum,
668 2914 769 2977 quum
789 2906 896 2957 tamen
920 2904 1042 2958 naturas
1062 2893 1234 2968 beneficio,
1256 2893 1385 2957 feminae

432 3017 502 3059 esse
528 3017 593 3059 non
621 2996 755 3078 possint.
801 2997 908 3068 Quum
934 2995 1131 3059 lascivientis
1156 2995 1264 3059 divitis
1288 2997 1386 3059 luxus

431 3094 560 3158 libidini
571 3107 649 3174 ,vota
671 3116 728 3158 sua
749 3097 930 3178 praecingit,
947 3097 1162 3160 recumbentis
1182 3095 1284 3180 pedes
1301 3098 1385 3162 cala-

430 3198 590 3261 mistratus
612 3199 791 3261 comatulus
813 3198 946 3281 excipit,
962 3198 1096 3262 nitorem
1118 3199 1265 3262 invidens
1286 3219 1386 3261 mere·

430 3299 514 3380 trici,
527 3300 674 3364 histrioni
697 3299 854 3376 habitum,
871 3301 992 3363 cultum
1013 3300 1131 3384 procis,
1146 3299 1321 3380 virginibus
1336 3319 1387 3362 or-

430 3413 552 3480 natum,
566 3403 793 3487 triumphalem
816 3424 946 3487 quoque
968 3401 1170 3485 principibus
1184 3410 1386 3481 apparatum,

432 3515 464 3570 et
486 3506 521 3569 in
547 3507 681 3569 aliorum
705 3514 882 3586 conspectu
908 3503 1018 3586 pedes,
1044 3509 1076 3565 et
1101 3523 1142 3564 ne
1167 3502 1240 3583 plus
1266 3499 1386 3578 dicam,

431 3606 549 3668 teneris
571 3605 718 3666 manibus
742 3603 835 3667 tibias
858 3612 983 3666 tractat.
1028 3602 1274 3666 Chirothecatus
1296 3601 1384 3665 enirn

430 3705 563 3769 incessit
577 3703 706 3780 diutius,
716 3711 753 3766 ut
768 3723 881 3766 manus
896 3704 955 3767 soli
971 3705 1151 3768 subtractas
1167 3704 1326 3767 emolliret
1340 3703 1382 3767 ad

431 3807 536 3871 divitis
551 3827 655 3870 usum.
699 3804 828 3870 Deinde
846 3805 978 3870 licentia
999 3807 1162 3891 paululum
1179 3804 1384 3889 procedente,

430 3917 531 3972 totum
561 3929 678 3992 eorpus
705 3907 872 3990 impudico
896 3918 985 3972 tactu
1009 3911 1160 3973 oberrans
1190 3907 1384 3991 pruriginem

430 4011 555 4093 scalpit,
577 4031 673 4094 quam
697 4009 782 4088 feeit,
804 4020 836 4072 et
857 4009 949 4092 ignes
972 4010 1107 4074 Veneris
1128 4007 1313 4090 languentis
1334 4008 1383 4070 in·

430 4111 579 4174 flammat.
625 4113 744 4173 Verum
770 4110 841 4173 haee
867 4113 1073 4190 abominatio,
1095 4133 1160 4175 non
1187 4121 1251 4174 tam
1277 4120 1384 4174 osten·

431 4210 537 4275 denda
551 4225 600 4274 est
622 4233 717 4295 quam
740 4212 961 4295 conspuenda,
976 4213 1174 4298 puderetque
1197 4234 1268 4276 eam
1290 4211 1385 4293 nugis

431 4313 547 4377 nostris
561 4334 632 4376 esse
647 4314 805 4392 insertam,
814 4313 879 4376 nisi
890 4314 1023 4378 eandem
1034 4316 1217 4398 Apostolos
1228 4312 1384 4377 Romanis
