3425 5367
317 707 388 754 cae.
403 690 512 770 xxm]
665 705 920 752 eonrcnmcns.
1204 695 1266 756 159

310 857 428 943 jubent
453 857 537 924 istuc
561 857 731 924 divertere.
780 855 998 941 AEgritudinis
1024 855 1204 944 praevident
1231 873 1266 924 et

315 961 429 1024 docent
449 981 573 1040 cauam,
594 960 740 1026 indicunt
761 959 791 1024 ei
810 959 951 1034 initium,
965 971 1187 1043 augmentum,
1203 977 1268 1026 sta·

315 1072 397 1136 tum,
406 1073 438 1124 et
450 1059 702 1128 declinationem.
725 1059 812 1138 Quid
825 1059 950 1124 multa?
971 1061 1081 1137 Quum
1095 1081 1149 1122 eos
1159 1059 1267 1136 audio,

315 1160 467 1226 videntur
480 1161 559 1226 mibi
572 1185 663 1248 posse
673 1173 818 1226 mortuos
831 1162 996 1240 suscitare,
1009 1183 1068 1224 nec
1082 1161 1268 1248 AEsculapio

317 1263 519 1328 Mercuriove
539 1263 714 1328 creduntur
733 1263 908 1327 inferiores.
951 1267 1169 1328 Veruntamen
1182 1263 1215 1328 in
1228 1288 1269 1328 eo

315 1385 430 1448 magna
439 1366 555 1429 mentis
565 1365 774 1429 admiratione
782 1364 942 1430 distrahor
950 1365 1268 1451 etperturbor‚quod

316 1488 337 1528 a
359 1466 470 1551 seipsis
493 1479 586 1531 tanto
607 1467 778 1530 verborum
800 1465 963 1546 conflictu,
981 1480 1015 1531 et
1035 1467 1198 1532 collisione
1218 1491 1268 1531 ra-

317 1565 441 1630 tionum
470 1565 644 1643 dissiliunt,
673 1579 705 1631 ct
735 1566 930 1633 discordant.
984 1572 1095 1634 Unum
1123 1569 1269 1653 profecto

318 1667 393 1744 scio,
408 1667 566 1732 contraria
587 1669 681 1734 simul
701 1691 777 1732 vera
797 1692 866 1734 esse
887 1692 950 1733 non
972 1692 1074 1756 posse.
1118 1669 1208 1744 Quid
1226 1669 1269 1736 dc

317 1769 449 1836 medicis
464 1770 611 1856 practicis
630 1769 757 1834 dicam?
793 1771 888 1836 Absit
907 1784 945 1837 ut
963 1772 1005 1835 de
1022 1771 1075 1837 bis
1096 1773 1269 1860 quicquam

316 1893 501 1956 perversum
512 1871 565 1959 loq
571 1895 637 1936 nar.
669 1873 710 1936 In
721 1894 834 1938 manus
842 1877 926 1938 enim
940 1896 1051 1937 eorum
1065 1875 1269 1960 exigentibus

315 1976 454 2060 peccatis
483 1976 572 2052 meis,
604 1974 697 2039 nimis
721 1973 906 2062 frequenter
933 1975 1050 2043 incido.
1094 1975 1169 2041 Non
1192 1991 1268 2044 sunt

316 2073 525 2159 exasperandi
543 2074 658 2154 verbis,
673 2074 729 2138 sed
749 2075 859 2160 potius
880 2075 1082 2141 demulcendi
1102 2078 1267 2164 obsequio

317 2173 400 2238 Nolo
424 2197 476 2238 me
502 2187 638 2239 tractent
664 2173 789 2255 durius,
813 2198 871 2240 nec
894 2178 990 2241 etiam
1012 2179 1129 2242 sentire
1153 2179 1268 2262 audeo,

316 2274 403 2361 quod
418 2297 527 2340 omnes
541 2273 689 2340 clamant.
734 2274 847 2340 Dicam
863 2298 940 2361 ergo
955 2299 1030 2339 cum
1052 2291 1161 2342 sancto
1180 2279 1270 2345 Salo-

317 2397 425 2439 mone:
465 2375 549 2454 Quia
578 2374 734 2438 medicina
757 2398 776 2438 a
805 2375 935 2439 domino
959 2375 1032 2440 Deo
1057 2392 1127 2453 est;
1161 2391 1194 2443 et
1218 2380 1269 2444 vir

318 2480 442 2563 sapiens
459 2499 521 2540 non
541 2491 720 2543 contemnet
739 2499 819 2541 eam.
864 2477 969 2540 Nemo
987 2476 1146 2563 siquidem
1166 2481 1270 2566 magis

266 2641 270 2648 .
319 2579 510 2644 necessarius
524 2592 572 2644 est
587 2593 643 2645 aut
661 2579 770 2643 utilior
780 2577 913 2661 medico,
923 2579 1099 2644 dummodo
1109 2580 1151 2644 sit
1166 2580 1270 2644 fidelis

318 2691 350 2742 et
375 2679 526 2765 prudens.
572 2680 650 2760 Quis
678 2679 762 2743 enim
791 2680 951 2765 praeconia
978 2679 1065 2744 illius
1093 2679 1270 2744 declamare

321 2779 469 2856 sufficiat,
484 2783 539 2868 qui
556 2781 665 2847 salutis
680 2779 808 2855 artifex,
824 2793 856 2844 et
872 2794 1055 2867 procreator
1070 2781 1155 2857 vitae,
1177 2782 1210 2846 in
1231 2806 1270 2846 eo

320 2881 494 2946 Dominum
508 2883 663 2958 imitatur,
679 2895 711 2947 et
732 2882 815 2946 vices
830 2882 900 2968 ejus
918 2882 997 2968 agit,
1018 2882 1106 2971 quod
1124 2887 1271 2966 salutem,

317 3005 416 3070 quam
431 2982 485 3047 ille
500 2998 661 3072 operatur,
677 2996 709 3049 et
725 2983 816 3070 quasi
830 2984 989 3049 Dominus
1000 2997 1033 3052 et
1049 2986 1198 3074 princeps
1212 2985 1270 3050 do·

317 3097 384 3159 nat,
400 3085 460 3150 iste
474 3108 655 3152 oeconomus
669 3101 701 3152 et
717 3085 861 3151 minister
873 3101 1025 3176 procurat
1040 3103 1072 3154 et
1083 3088 1269 3178 dispensat?

319 3189 387 3252 Nec
408 3187 448 3252 ad
471 3212 537 3253 rem
560 3189 687 3266 attinet,
709 3190 733 3253 si
756 3191 813 3275 qui
833 3190 1093 3277 pseudogratiam
1114 3192 1271 3272 vendunt,

317 3303 348 3358 et
370 3291 426 3378 qui
446 3290 603 3377 justiores
625 3289 723 3352 videri
748 3290 871 3362 volunt,
895 3290 973 3353 dum
999 3290 1079 3352 nihil
1104 3292 1271 3376 accipiant,

320 3404 490 3480 antequam
518 3411 603 3478 aeger
627 3393 836 3465 convalescat,
861 3389 894 3452 in
919 3412 958 3452 eo
983 3389 1157 3475 iniquiores
1182 3405 1269 3470 sunt,

321 3493 408 3580 quod
428 3492 616 3558 beneficium
638 3491 799 3578 temporis,
813 3494 878 3557 imo
897 3513 1015 3555 munus
1035 3492 1108 3566 Dei,
1124 3491 1270 3558 manibus

323 3594 389 3658 suis
403 3595 598 3675 adscribunt,
612 3617 712 3681 quum
728 3593 780 3658 ille
795 3617 892 3682 quem
909 3597 998 3660 Deus
1017 3592 1111 3680 erigit
1131 3610 1163 3660 et
1179 3595 1269 3682 vigor

321 3709 445 3762 naturae
467 3697 722 3778 convalescentia,
743 3698 823 3762 citra
842 3719 971 3784 operam
995 3698 1065 3784 ejus
1086 3697 1194 3762 fuerat
1210 3719 1270 3761 err-

318 3798 452 3886 gendua
497 3797 650 3877 Quamvis
671 3799 757 3864 istud
779 3800 847 3886 jam
870 3822 1045 3887 paucorum
1068 3801 1121 3877 sit,
1142 3799 1203 3862 sibi
1224 3798 1271 3862 in-

317 3899 415 3964 vicem
447 3899 655 3964 suadentibus
684 3911 715 3964 et
745 3898 973 3986 replicantibus
1001 3897 1142 3979 medicis,
1171 3897 1271 3978 Dum,

318 3997 404 4066 dolet
420 3999 538 4086 accipe.
585 4003 653 4064 Nec
669 4019 796 4062 moveor
812 4001 838 4062 si
853 4021 951 4085 opera
964 4021 1074 4062 eorum
1090 3998 1123 4062 in
1140 4020 1173 4062 se
1187 4020 1272 4062 com-

318 4085 474 4188 pugnent,
497 4123 598 4188 quum
625 4097 720 4164 sciam
737 4103 968 4168 contrariorum
991 4099 1181 4188 plerumque
1202 4122 1271 4164 esse

317 4201 453 4266 eundem
464 4202 621 4266 effectum.
669 4199 730 4266 Sed
743 4224 843 4288 quum
853 4199 936 4265 inter
949 4223 1062 4266 manns
1076 4224 1184 4265 eorum
1196 4201 1270 4287 quis

317 4298 435 4364 inlata
457 4299 616 4386 collapsus
638 4312 697 4377 est,
713 4311 789 4364 tunc
811 4299 1000 4364 necessarias
1021 4300 1196 4384 producent
1220 4321 1269 4362 ra·
