3425 5367
465 690 506 751 68
715 702 849 748 ronanus
865 701 1144 747 saansannrnusrs
1278 686 1360 765 [nra.
1379 708 1416 751 n.

466 944 546 1028 Cap.
562 945 593 1008 5.
622 944 757 1016 Quanta
769 946 881 1026 suerit
899 943 1071 1005 calamitas
1092 941 1298 1017 obsessorum,
1314 948 1346 1004 et
1365 943 1415 1004 ob-

484 1049 614 1109 stinate
627 1046 759 1109 malitia
773 1046 1061 1127 quiasaera'tfinis,
1072 1050 1182 1124 atqua
1190 1044 1297 1125 pietas
1313 1045 1395 1107 Titi.

506 1167 558 1229 Ar
568 1188 606 1229 ne
619 1177 677 1241 tot,
690 1178 721 1228 et
734 1177 822 1229 tanta
833 1161 999 1226 mediocris
1010 1161 1112 1245 plagae
1121 1172 1175 1225 aut
1185 1159 1413 1247 perfunctoriae

459 1267 687 1353 indignationis
713 1267 785 1341 Dei,
812 1266 964 1329 adversus
989 1263 1250 1350 impoenitentiam
1276 1263 1411 1327 Judaeo·

459 1391 542 1447 rurn,
558 1372 721 1452 signorum
742 1367 936 1454 praecessisse
959 1366 1127 1429 videantur
1141 1364 1271 1443 indicia,
1284 1364 1410 1427 calami-

457 1483 555 1535 tatem
571 1467 811 1547 intolerabilem,
826 1468 984 1531 excidium
1000 1465 1215 1552 irreparabile,
1230 1467 1410 1550 reprobatae

456 1584 487 1634 et
518 1583 686 1635 excaecatae
715 1572 820 1655 gentis
850 1568 1037 1641 inauditam,
1064 1580 1095 1631 et
1131 1566 1254 1630 cunctis
1283 1568 1408 1631 saeculis

454 1672 645 1755 incognitam
674 1672 870 1750 servitutem,
896 1669 1075 1733 succinctus
1101 1691 1204 1731 sermo
1229 1682 1404 1752 percurrat.

455 1773 591 1848 Quantis
605 1795 682 1856 ergo
697 1771 786 1834 malis
802 1786 877 1835 tunc
898 1773 1045 1833 universa
1060 1768 1234 1833 multitudo
1250 1781 1336 1833 tacta
1352 1771 1404 1847 sit,

454 1886 555 1958 utque
570 1873 638 1959 ipsa
650 1874 670 1935 J
676 1872 777 1936 udaeae
793 1884 878 1935 terra
892 1870 987 1947 bello,
999 1872 1093 1946 fame,
1109 1870 1187 1955 igni,
1200 1870 1405 1957 caedibusque

453 1985 575 2039 vastata
601 1977 652 2054 sit,
678 1987 798 2059 quanta
822 1974 1016 2060 populorum
1042 1974 1150 2049 millia,
1177 1985 1284 2058 patres
1309 1974 1404 2037 simul

451 2100 524 2141 cnm
547 2078 748 2163 conjugibus,
763 2100 799 2139 ae
819 2075 961 2161 parvulis
981 2076 1099 2155 liberis,
1114 2076 1238 2160 absque
1257 2099 1401 2155 numero,

450 2194 481 2243 et
508 2180 629 2264 absque
652 2179 839 2243 discretione
863 2178 1014 2242 trucidati
1038 2178 1111 2253 sint,
1136 2201 1208 2263 quaa
1230 2178 1325 2243 etiam
1351 2180 1400 2242 di-

449 2305 608 2346 versarum
627 2282 755 2345 urbium
776 2281 966 2356 obsidiones,
982 2280 1036 2344 sed
1057 2293 1088 2345 et
1108 2281 1209 2365 ipsius
1223 2281 1399 2365 magnificae

448 2398 479 2448 et
495 2383 712 2448 famosissimae
733 2383 871 2447 civitatis
892 2382 1094 2447 Hierusalem
1115 2395 1235 2468 quanta
1254 2384 1397 2459 vastitas,

447 2500 479 2551 et
502 2498 621 2571 quanta
646 2486 744 2551 fuerit
770 2486 967 2551 diversarum
994 2485 1143 2549 mortium
1170 2499 1300 2570 strages,
1324 2488 1397 2572 quis

446 2610 503 2675 per
526 2588 593 2651 haec
612 2588 737 2672 singula
759 2588 916 2651 bellorum
937 2587 1080 2651 extiterit
1102 2587 1226 2668 modus,
1241 2600 1273 2651 et
1294 2599 1330 2652 ut
1349 2612 1397 2652 se·

444 2691 584 2779 cundqm
614 2690 659 2767 id,
691 2690 777 2777 quod
813 2694 979 2777 prophetae
1015 2690 1172 2767 dixerant,
1203 2692 1396 2757 abominatio

441 2794 642 2859 desolationis
657 2794 689 2857 in
704 2794 774 2881 ipso
790 2794 951 2878 quondam
969 2792 1029 2857 Dei
1050 2794 1259 2857 famosissimo
1274 2794 1388 2859 collata

441 2896 481 2959 sit
498 2896 626 2982 templo,
642 2909 742 2981 utque
757 2896 797 2959 ad
820 2896 968 2959 ultimum
988 2909 1104 2959 cuncta
1118 2896 1201 2979 ignis
1215 2896 1390 2981 populatus

442 2997 494 3071 sit,
521 3010 552 3059 et
578 2996 704 3059 flamma
729 2996 973 3081 consumpserit,
1001 3000 1026 3059 si
1052 2997 1125 3080 quis
1150 2998 1275 3080 plenius
1301 3022 1392 3063 nosse

440 3097 522 3176 vult,
537 3096 698 3159 historiam
715 3097 847 3182 Josephi
865 3096 994 3180 relegat.
1040 3101 1108 3159 Nos
1128 3120 1203 3159 vero
1225 3122 1264 3162 ex
1285 3100 1392 3165 hisee

440 3211 577 3272 tantum,
599 3220 672 3283 quae
694 3198 735 3261 ad
758 3197 1012 3285 explanationem
1036 3196 1174 3281 suscepti
1197 3200 1301 3283 operis
1323 3203 1390 3265 suf·

438 3302 561 3378 ficiunt,
577 3324 792 3365 assumemus:
817 3300 848 3363 in
871 3299 990 3385 quibus
1010 3298 1118 3376 refert,
1133 3300 1220 3382 quod
1241 3323 1281 3363 ex
1301 3304 1387 3366 omni

437 3406 460 3467 J
464 3405 556 3469 udaea
571 3402 693 3490 populi,
708 3404 740 3466 in
756 3403 808 3466 die
823 3402 953 3466 solemni
972 3401 1102 3464 Paschae
1119 3400 1387 3488 Hierosolymam,

437 3506 526 3569 velut
556 3504 675 3568 exitiali
705 3504 843 3588 quadam
874 3527 971 3565 manu
997 3517 1140 3586 cogente,
1164 3519 1385 3570 convenerant.

436 3608 524 3683 Quos
550 3607 655 3669 tricies
684 3618 815 3669 centena
844 3605 943 3668 millia
973 3606 1051 3669 dicit
1081 3606 1245 3669 hominurn
1274 3607 1383 3685 fuisse,

429 3704 521 3790 justo
536 3702 653 3766 scilicet
671 3702 732 3767 Dei
743 3702 879 3787 judicio,
894 3715 1036 3789 tempore
1052 3704 1111 3767 hoo
1128 3703 1257 3768 ultionis
1272 3706 1382 3786 electo,

433 3817 470 3869 ut
500 3804 587 3891 quod
616 3806 649 3868 in
679 3804 793 3868 diebus
827 3805 957 3869 Paschae
992 3806 1180 3869 salvatorem
1215 3806 1380 3872 Christum

432 3909 573 3984 Domini,
590 3906 729 3969 cruentis
752 3906 909 3986 manibus,
924 3920 955 3969 et
979 3907 1140 3993 sacrilegis
1164 3908 1294 3972 vocibus
1315 3911 1381 3971 vio-

430 4008 548 4083 larunt,
564 4009 596 4070 in
611 4008 688 4093 ipsis
703 4006 816 4069 diebus
833 4006 968 4071 velutin
985 4031 1084 4071 unum
1100 4032 1266 4087 carcerem,
1278 4011 1380 4077 omnis

429 4108 605 4173 multitudo
625 4108 782 4183 conclusa,
799 4108 906 4171 feralis
921 4131 1024 4193 poenae
1044 4111 1191 4187 exitium,
1208 4114 1295 4196 quod
1315 4135 1381 4175 me-

427 4212 568 4289 rebatur,
591 4212 761 4297 exciperet.
807 4211 984 4274 Praeteribo
1006 4234 1079 4275 sane
1102 4236 1177 4297 quae
1199 4214 1305 4276 ineos
1328 4215 1378 4277 vel

422 4312 522 4398 gladii
552 4312 650 4395 caede,
682 4312 731 4375 vel
762 4311 831 4375 aliis
861 4311 935 4375 belli
967 4312 1120 4376 machinis
1146 4314 1260 4378 collata
1289 4328 1376 4392 sunt,
