<?xml version="1.0" encoding="UTF-8"?>
<!DOCTYPE html PUBLIC "-//W3C//DTD XHTML 1.0 Transitional//EN"
    "http://www.w3.org/TR/xhtml1/DTD/xhtml1-transitional.dtd">
<html xmlns="http://www.w3.org/1999/xhtml" xml:lang="en" lang="en">
 <head>
  <title>
</title>
<meta http-equiv="Content-Type" content="text/html;charset=utf-8" />
  <meta name='ocr-system' content='tesseract 3.04.00' />
  <meta name='ocr-capabilities' content='ocr_page ocr_carea ocr_par ocr_line ocrx_word'/>
</head>
<body>
  <div class='ocr_page' id='page_1' title='image "./operaomnianuncp04johngoog_0114.png"; bbox 0 0 3425 5367; ppageno 0'>
   <div class='ocr_carea' id='block_1_1' title="bbox 338 714 952 794">
    <p class='ocr_par' dir='ltr' id='par_1_1' title="bbox 338 714 952 794">
     <span class='ocr_line' id='line_1_1' title="bbox 338 714 952 794; baseline -0.008 -20"><span class='ocrx_word' id='word_1_1' title='bbox 338 730 409 775; x_wconf 78' lang='lat' dir='ltr'>cre.</span> <span class='ocrx_word' id='word_1_2' title='bbox 426 714 512 794; x_wconf 68' lang='lat' dir='ltr'>run]</span> <span class='ocrx_word' id='word_1_3' title='bbox 699 722 952 774; x_wconf 78' lang='lat' dir='ltr'>ronrcusrrcus.</span> 
     </span>
    </p>
   </div>
   <div class='ocr_carea' id='block_1_2' title="bbox 441 874 1141 1120">
    <p class='ocr_par' dir='ltr' id='par_1_2' title="bbox 441 874 1141 1120">
     <span class='ocr_line' id='line_1_2' title="bbox 442 874 1141 947; baseline -0.009 -15"><span class='ocrx_word' id='word_1_4' title='bbox 442 880 515 942; x_wconf 86' lang='lat' dir='ltr'><strong>Quid</strong></span> <span class='ocrx_word' id='word_1_5' title='bbox 524 883 635 942; x_wconf 74' lang='lat' dir='ltr'>renum,</span> <span class='ocrx_word' id='word_1_6' title='bbox 648 877 772 943; x_wconf 77' lang='lat' dir='ltr'>Gradive,</span> <span class='ocrx_word' id='word_1_7' title='bbox 783 877 877 947; x_wconf 81' lang='lat' dir='ltr'>paras?</span> <span class='ocrx_word' id='word_1_8' title='bbox 895 893 957 928; x_wconf 82' lang='lat' dir='ltr'>nam</span> <span class='ocrx_word' id='word_1_9' title='bbox 968 875 1038 926; x_wconf 87' lang='lat' dir='ltr'>mitis</span> <span class='ocrx_word' id='word_1_10' title='bbox 1048 876 1076 926; x_wconf 91' lang='lat' dir='ltr'>in</span> <span class='ocrx_word' id='word_1_11' title='bbox 1087 874 1141 927; x_wconf 87' lang='lat' dir='ltr'>alto</span> 
     </span>
     <span class='ocr_line' id='line_1_3' title="bbox 442 957 1080 1036; baseline -0.009 -20"><span class='ocrx_word' id='word_1_12' title='bbox 442 964 542 1036; x_wconf 77' lang='lat' dir='ltr'>Jupiter</span> <span class='ocrx_word' id='word_1_13' title='bbox 553 979 644 1016; x_wconf 85' lang='lat' dir='ltr'>occasu</span> <span class='ocrx_word' id='word_1_14' title='bbox 654 963 786 1031; x_wconf 87' lang='lat' dir='ltr'>premitur,</span> <span class='ocrx_word' id='word_1_15' title='bbox 799 960 964 1028; x_wconf 80' lang='lat' dir='ltr'>Venerisque</span> <span class='ocrx_word' id='word_1_16' title='bbox 975 957 1080 1011; x_wconf 89' lang='lat' dir='ltr'>salubre</span> 
     </span>
     <span class='ocr_line' id='line_1_4' title="bbox 441 1046 1096 1120; baseline -0.005 -18"><span class='ocrx_word' id='word_1_17' title='bbox 441 1051 518 1104; x_wconf 86' lang='lat' dir='ltr'>Sidus</span> <span class='ocrx_word' id='word_1_18' title='bbox 528 1051 617 1114; x_wconf 86' lang='lat' dir='ltr'>habet,</span> <span class='ocrx_word' id='word_1_19' title='bbox 630 1055 753 1120; x_wconf 86' lang='lat' dir='ltr'>motuque</span> <span class='ocrx_word' id='word_1_20' title='bbox 766 1049 835 1102; x_wconf 85' lang='lat' dir='ltr'>celer</span> <span class='ocrx_word' id='word_1_21' title='bbox 847 1046 983 1117; x_wconf 85' lang='lat' dir='ltr'>Cyllenius</span> <span class='ocrx_word' id='word_1_22' title='bbox 995 1047 1096 1111; x_wconf 77' lang='lat' dir='ltr'>haeret5</span> 
     </span>
    </p>
   </div>
   <div class='ocr_carea' id='block_1_3' title="bbox 325 1133 1285 3264">
    <p class='ocr_par' dir='ltr' id='par_1_3' title="bbox 437 1133 1127 1200">
     <span class='ocr_line' id='line_1_5' title="bbox 437 1133 1127 1200; baseline -0.003 -13"><span class='ocrx_word' id='word_1_23' title='bbox 437 1135 473 1188; x_wconf 77' lang='lat' dir='ltr'>ut</span> <span class='ocrx_word' id='word_1_24' title='bbox 484 1134 579 1188; x_wconf 83' lang='lat' dir='ltr'>coelum</span> <span class='ocrx_word' id='word_1_25' title='bbox 591 1135 665 1187; x_wconf 88' lang='lat' dir='ltr'>Mars</span> <span class='ocrx_word' id='word_1_26' title='bbox 678 1134 748 1188; x_wconf 84' lang='lat' dir='ltr'>solus</span> <span class='ocrx_word' id='word_1_27' title='bbox 759 1135 850 1187; x_wconf 82' lang='lat' dir='ltr'>habet.</span> <span class='ocrx_word' id='word_1_28' title='bbox 870 1133 924 1186; x_wconf 87' lang='lat' dir='ltr'>Cur</span> <span class='ocrx_word' id='word_1_29' title='bbox 937 1134 1013 1200; x_wconf 80' lang='lat' dir='ltr'>signu</span> <span class='ocrx_word' id='word_1_30' title='bbox 1024 1137 1127 1185; x_wconf 88' lang='lat' dir='ltr'>meatus</span> 
     </span>
    </p>

    <p class='ocr_par' dir='ltr' id='par_1_4' title="bbox 437 1216 1083 1286">
     <span class='ocr_line' id='line_1_6' title="bbox 437 1216 1083 1286; baseline -0.008 -13"><span class='ocrx_word' id='word_1_31' title='bbox 437 1219 584 1272; x_wconf 75' lang='lat' dir='ltr'>Deseruere</span> <span class='ocrx_word' id='word_1_32' title='bbox 595 1235 664 1284; x_wconf 85' lang='lat' dir='ltr'>suos,</span> <span class='ocrx_word' id='word_1_33' title='bbox 677 1219 823 1286; x_wconf 88' lang='lat' dir='ltr'>mundoque</span> <span class='ocrx_word' id='word_1_34' title='bbox 836 1219 944 1270; x_wconf 86' lang='lat' dir='ltr'>obscura</span> <span class='ocrx_word' id='word_1_35' title='bbox 954 1216 1083 1271; x_wconf 81' lang='lat' dir='ltr'>feruutur:</span> 
     </span>
    </p>

    <p class='ocr_par' dir='ltr' id='par_1_5' title="bbox 437 1301 985 1369">
     <span class='ocr_line' id='line_1_7' title="bbox 437 1301 985 1369; baseline -0.005 -14"><span class='ocrx_word' id='word_1_36' title='bbox 437 1302 553 1356; x_wconf 75' lang='lat' dir='ltr'>Ensiferi</span> <span class='ocrx_word' id='word_1_37' title='bbox 563 1303 671 1354; x_wconf 86' lang='lat' dir='ltr'>nimium</span> <span class='ocrx_word' id='word_1_38' title='bbox 681 1301 768 1369; x_wconf 75' lang='lat' dir='ltr'>irriget</span> <span class='ocrx_word' id='word_1_39' title='bbox 777 1301 846 1354; x_wconf 85' lang='lat' dir='ltr'>latus</span> <span class='ocrx_word' id='word_1_40' title='bbox 858 1301 985 1353; x_wconf 77' lang='lat' dir='ltr'>Orionis?</span> 
     </span>
    </p>

    <p class='ocr_par' dir='ltr' id='par_1_6' title="bbox 436 1385 1117 1457">
     <span class='ocr_line' id='line_1_8' title="bbox 436 1385 1117 1457; baseline -0.003 -17"><span class='ocrx_word' id='word_1_41' title='bbox 436 1388 561 1440; x_wconf 85' lang='lat' dir='ltr'>Imminet</span> <span class='ocrx_word' id='word_1_42' title='bbox 572 1404 701 1440; x_wconf 89' lang='lat' dir='ltr'>armorum</span> <span class='ocrx_word' id='word_1_43' title='bbox 711 1386 807 1450; x_wconf 86' lang='lat' dir='ltr'>rabies,</span> <span class='ocrx_word' id='word_1_44' title='bbox 817 1385 929 1454; x_wconf 86' lang='lat' dir='ltr'>ferrique</span> <span class='ocrx_word' id='word_1_45' title='bbox 940 1391 1067 1457; x_wconf 86' lang='lat' dir='ltr'>potestas,</span> <span class='ocrx_word' id='word_1_46' title='bbox 1114 1410 1117 1416; x_wconf 95' lang='lat'>·</span> 
     </span>
    </p>

    <p class='ocr_par' dir='ltr' id='par_1_7' title="bbox 438 1470 1120 1543">
     <span class='ocr_line' id='line_1_9' title="bbox 438 1470 1120 1543; baseline -0.003 -18"><span class='ocrx_word' id='word_1_47' title='bbox 438 1471 588 1526; x_wconf 81' lang='lat' dir='ltr'><strong>Confundet</strong></span> <span class='ocrx_word' id='word_1_48' title='bbox 595 1473 640 1543; x_wconf 85' lang='lat' dir='ltr'>jus</span> <span class='ocrx_word' id='word_1_49' title='bbox 652 1489 727 1523; x_wconf 89' lang='lat' dir='ltr'>omne</span> <span class='ocrx_word' id='word_1_50' title='bbox 738 1487 831 1523; x_wconf 84' lang='lat' dir='ltr'>mauu:</span> <span class='ocrx_word' id='word_1_51' title='bbox 849 1470 990 1539; x_wconf 77' lang='lat' dir='ltr'>scelerique</span> <span class='ocrx_word' id='word_1_52' title='bbox 1000 1471 1120 1535; x_wconf 84' lang='lat' dir='ltr'>nefando,</span> 
     </span>
    </p>

    <p class='ocr_par' dir='ltr' id='par_1_8' title="bbox 325 1555 1285 3264">
     <span class='ocr_line' id='line_1_10' title="bbox 440 1555 1097 1623; baseline 0.005 -16"><span class='ocrx_word' id='word_1_53' title='bbox 440 1557 545 1610; x_wconf 90' lang='lat' dir='ltr'>Nomen</span> <span class='ocrx_word' id='word_1_54' title='bbox 557 1557 607 1608; x_wconf 86' lang='lat' dir='ltr'>erit</span> <span class='ocrx_word' id='word_1_55' title='bbox 617 1557 705 1620; x_wconf 65' lang='lat' dir='ltr'>virtrru</span> <span class='ocrx_word' id='word_1_56' title='bbox 717 1555 863 1623; x_wconf 89' lang='lat' dir='ltr'>multosque</span> <span class='ocrx_word' id='word_1_57' title='bbox 875 1557 958 1608; x_wconf 79' lang='lat' dir='ltr'>exibit</span> <span class='ocrx_word' id='word_1_58' title='bbox 969 1557 996 1607; x_wconf 91' lang='lat' dir='ltr'>in</span> <span class='ocrx_word' id='word_1_59' title='bbox 1007 1574 1097 1611; x_wconf 85' lang='lat' dir='ltr'>annos.</span> 
     </span>
     <span class='ocr_line' id='line_1_11' title="bbox 332 1657 1280 1746; baseline -0.003 -20"><span class='ocrx_word' id='word_1_60' title='bbox 332 1664 418 1726; x_wconf 86' lang='lat' dir='ltr'>Ecce</span> <span class='ocrx_word' id='word_1_61' title='bbox 432 1681 472 1724; x_wconf 88' lang='lat' dir='ltr'>ex</span> <span class='ocrx_word' id='word_1_62' title='bbox 488 1658 644 1746; x_wconf 81' lang='lat' dir='ltr'>qualitate</span> <span class='ocrx_word' id='word_1_63' title='bbox 659 1657 876 1738; x_wconf 91' lang='lat' dir='ltr'>Plauetarum,</span> <span class='ocrx_word' id='word_1_64' title='bbox 891 1670 923 1721; x_wconf 89' lang='lat' dir='ltr'>et</span> <span class='ocrx_word' id='word_1_65' title='bbox 939 1657 1094 1742; x_wconf 86' lang='lat' dir='ltr'>positione</span> <span class='ocrx_word' id='word_1_66' title='bbox 1109 1659 1280 1742; x_wconf 90' lang='lat' dir='ltr'>signorum,</span> 
     </span>
     <span class='ocr_line' id='line_1_12' title="bbox 330 1757 1285 1842; baseline -0.002 -19"><span class='ocrx_word' id='word_1_67' title='bbox 330 1771 365 1824; x_wconf 91' lang='lat' dir='ltr'>et</span> <span class='ocrx_word' id='word_1_68' title='bbox 386 1781 538 1823; x_wconf 86' lang='lat' dir='ltr'>concursu</span> <span class='ocrx_word' id='word_1_69' title='bbox 562 1779 741 1837; x_wconf 89' lang='lat' dir='ltr'>causarum,</span> <span class='ocrx_word' id='word_1_70' title='bbox 760 1779 857 1842; x_wconf 89' lang='lat' dir='ltr'>quam</span> <span class='ocrx_word' id='word_1_71' title='bbox 881 1757 1070 1821; x_wconf 82' lang='lat' dir='ltr'>manifestus</span> <span class='ocrx_word' id='word_1_72' title='bbox 1091 1757 1166 1821; x_wconf 92' lang='lat' dir='ltr'>belli</span> <span class='ocrx_word' id='word_1_73' title='bbox 1188 1759 1285 1823; x_wconf 87' lang='lat' dir='ltr'>inevi-</span> 
     </span>
     <span class='ocr_line' id='line_1_13' title="bbox 330 1859 1283 1946; baseline -0.002 -20"><span class='ocrx_word' id='word_1_74' title='bbox 330 1861 438 1926; x_wconf 89' lang='lat' dir='ltr'>tabilis</span> <span class='ocrx_word' id='word_1_75' title='bbox 460 1876 612 1946; x_wconf 88' lang='lat' dir='ltr'>sequatur</span> <span class='ocrx_word' id='word_1_76' title='bbox 634 1875 779 1925; x_wconf 88' lang='lat' dir='ltr'>eventus.</span> <span class='ocrx_word' id='word_1_77' title='bbox 827 1864 899 1925; x_wconf 87' lang='lat' dir='ltr'>Hoc</span> <span class='ocrx_word' id='word_1_78' title='bbox 920 1859 1037 1924; x_wconf 88' lang='lat' dir='ltr'>etenim</span> <span class='ocrx_word' id='word_1_79' title='bbox 1060 1860 1101 1924; x_wconf 93' lang='lat' dir='ltr'>ad</span> <span class='ocrx_word' id='word_1_80' title='bbox 1123 1861 1200 1925; x_wconf 88' lang='lat' dir='ltr'>artis</span> <span class='ocrx_word' id='word_1_81' title='bbox 1220 1875 1283 1926; x_wconf 90' lang='lat' dir='ltr'>tra-</span> 
     </span>
     <span class='ocr_line' id='line_1_14' title="bbox 328 1961 1283 2048; baseline -0.001 -22"><span class='ocrx_word' id='word_1_82' title='bbox 328 1961 481 2026; x_wconf 89' lang='lat' dir='ltr'>ditionem</span> <span class='ocrx_word' id='word_1_83' title='bbox 497 1961 671 2048; x_wconf 92' lang='lat' dir='ltr'>plurimum</span> <span class='ocrx_word' id='word_1_84' title='bbox 688 1972 821 2046; x_wconf 88' lang='lat' dir='ltr'>spectat,</span> <span class='ocrx_word' id='word_1_85' title='bbox 837 1972 874 2025; x_wconf 90' lang='lat' dir='ltr'>ut</span> <span class='ocrx_word' id='word_1_86' title='bbox 889 1961 929 2024; x_wconf 91' lang='lat' dir='ltr'>de</span> <span class='ocrx_word' id='word_1_87' title='bbox 944 1961 1083 2024; x_wconf 88' lang='lat' dir='ltr'>naturali</span> <span class='ocrx_word' id='word_1_88' title='bbox 1099 1961 1149 2024; x_wconf 89' lang='lat' dir='ltr'>vel</span> <span class='ocrx_word' id='word_1_89' title='bbox 1165 1962 1283 2026; x_wconf 90' lang='lat' dir='ltr'>causali</span> 
     </span>
     <span class='ocr_line' id='line_1_15' title="bbox 328 2061 1282 2149; baseline 0.001 -22"><span class='ocrx_word' id='word_1_90' title='bbox 328 2076 450 2128; x_wconf 89' lang='lat' dir='ltr'>constet</span> <span class='ocrx_word' id='word_1_91' title='bbox 465 2062 625 2127; x_wconf 90' lang='lat' dir='ltr'>domicilio</span> <span class='ocrx_word' id='word_1_92' title='bbox 640 2061 855 2128; x_wconf 88' lang='lat' dir='ltr'>Planetarum.</span> <span class='ocrx_word' id='word_1_93' title='bbox 894 2063 1013 2126; x_wconf 90' lang='lat' dir='ltr'>Omnes</span> <span class='ocrx_word' id='word_1_94' title='bbox 1028 2063 1184 2149; x_wconf 88' lang='lat' dir='ltr'>siquidem</span> <span class='ocrx_word' id='word_1_95' title='bbox 1202 2087 1282 2148; x_wconf 83' lang='lat' dir='ltr'>prae-</span> 
     </span>
     <span class='ocr_line' id='line_1_16' title="bbox 330 2164 1279 2252; baseline 0 -22"><span class='ocrx_word' id='word_1_96' title='bbox 330 2179 378 2230; x_wconf 91' lang='lat' dir='ltr'>ter</span> <span class='ocrx_word' id='word_1_97' title='bbox 393 2165 498 2232; x_wconf 85' lang='lat' dir='ltr'>Solem</span> <span class='ocrx_word' id='word_1_98' title='bbox 518 2179 550 2228; x_wconf 90' lang='lat' dir='ltr'>et</span> <span class='ocrx_word' id='word_1_99' title='bbox 573 2165 711 2244; x_wconf 88' lang='lat' dir='ltr'>Lunam,</span> <span class='ocrx_word' id='word_1_100' title='bbox 727 2165 783 2250; x_wconf 93' lang='lat' dir='ltr'>qui</span> <span class='ocrx_word' id='word_1_101' title='bbox 807 2164 865 2229; x_wconf 90' lang='lat' dir='ltr'>soli</span> <span class='ocrx_word' id='word_1_102' title='bbox 883 2164 1017 2252; x_wconf 90' lang='lat' dir='ltr'>siugulis</span> <span class='ocrx_word' id='word_1_103' title='bbox 1032 2165 1171 2229; x_wconf 90' lang='lat' dir='ltr'>conteuti</span> <span class='ocrx_word' id='word_1_104' title='bbox 1193 2179 1279 2247; x_wconf 90' lang='lat' dir='ltr'>suut,</span> 
     </span>
     <span class='ocr_line' id='line_1_17' title="bbox 328 2265 1280 2352; baseline 0 -21"><span class='ocrx_word' id='word_1_105' title='bbox 328 2267 454 2334; x_wconf 89' lang='lat' dir='ltr'>duobus</span> <span class='ocrx_word' id='word_1_106' title='bbox 475 2266 642 2332; x_wconf 89' lang='lat' dir='ltr'>domiciliis</span> <span class='ocrx_word' id='word_1_107' title='bbox 663 2267 817 2352; x_wconf 82' lang='lat' dir='ltr'>gaudent,</span> <span class='ocrx_word' id='word_1_108' title='bbox 839 2266 980 2332; x_wconf 89' lang='lat' dir='ltr'>naturali</span> <span class='ocrx_word' id='word_1_109' title='bbox 1002 2265 1120 2331; x_wconf 88' lang='lat' dir='ltr'>scilicet</span> <span class='ocrx_word' id='word_1_110' title='bbox 1142 2280 1174 2332; x_wconf 89' lang='lat' dir='ltr'>et</span> <span class='ocrx_word' id='word_1_111' title='bbox 1200 2268 1280 2331; x_wconf 91' lang='lat' dir='ltr'>acci-</span> 
     </span>
     <span class='ocr_line' id='line_1_18' title="bbox 328 2366 1279 2452; baseline -0.001 -20"><span class='ocrx_word' id='word_1_112' title='bbox 328 2367 457 2434; x_wconf 88' lang='lat' dir='ltr'>dentali.</span> <span class='ocrx_word' id='word_1_113' title='bbox 503 2366 658 2430; x_wconf 83' lang='lat' dir='ltr'>Naturale</span> <span class='ocrx_word' id='word_1_114' title='bbox 673 2366 803 2452; x_wconf 90' lang='lat' dir='ltr'>quidem</span> <span class='ocrx_word' id='word_1_115' title='bbox 825 2367 942 2452; x_wconf 89' lang='lat' dir='ltr'>cuique</span> <span class='ocrx_word' id='word_1_116' title='bbox 962 2366 1158 2430; x_wconf 87' lang='lat' dir='ltr'>domicilium</span> <span class='ocrx_word' id='word_1_117' title='bbox 1173 2382 1232 2448; x_wconf 90' lang='lat' dir='ltr'>est,</span> <span class='ocrx_word' id='word_1_118' title='bbox 1246 2372 1279 2433; x_wconf 92' lang='lat' dir='ltr'>iu</span> 
     </span>
     <span class='ocr_line' id='line_1_19' title="bbox 327 2467 1279 2556; baseline 0.001 -23"><span class='ocrx_word' id='word_1_119' title='bbox 327 2491 394 2556; x_wconf 77' lang='lat' dir='ltr'>quo</span> <span class='ocrx_word' id='word_1_120' title='bbox 418 2469 555 2554; x_wconf 90' lang='lat' dir='ltr'>quisque</span> <span class='ocrx_word' id='word_1_121' title='bbox 585 2467 752 2532; x_wconf 87' lang='lat' dir='ltr'>creationis</span> <span class='ocrx_word' id='word_1_122' title='bbox 783 2491 848 2531; x_wconf 85' lang='lat' dir='ltr'>suae</span> <span class='ocrx_word' id='word_1_123' title='bbox 875 2468 1069 2553; x_wconf 90' lang='lat' dir='ltr'>principium</span> <span class='ocrx_word' id='word_1_124' title='bbox 1100 2468 1226 2545; x_wconf 91' lang='lat' dir='ltr'>habuit,</span> <span class='ocrx_word' id='word_1_125' title='bbox 1253 2470 1279 2534; x_wconf 91' lang='lat' dir='ltr'>si</span> 
     </span>
     <span class='ocr_line' id='line_1_20' title="bbox 329 2568 1279 2654; baseline 0 -20"><span class='ocrx_word' id='word_1_126' title='bbox 329 2582 433 2634; x_wconf 89' lang='lat' dir='ltr'>tamen</span> <span class='ocrx_word' id='word_1_127' title='bbox 448 2568 637 2654; x_wconf 82' lang='lat' dir='ltr'>genethliaci</span> <span class='ocrx_word' id='word_1_128' title='bbox 652 2569 853 2633; x_wconf 88' lang='lat' dir='ltr'>consentiunt</span> <span class='ocrx_word' id='word_1_129' title='bbox 869 2591 923 2632; x_wconf 88' lang='lat' dir='ltr'>eos</span> <span class='ocrx_word' id='word_1_130' title='bbox 942 2592 962 2632; x_wconf 87' lang='lat' dir='ltr'>a</span> <span class='ocrx_word' id='word_1_131' title='bbox 977 2573 1117 2634; x_wconf 87' lang='lat' dir='ltr'>Domino</span> <span class='ocrx_word' id='word_1_132' title='bbox 1132 2593 1198 2634; x_wconf 90' lang='lat' dir='ltr'>esse</span> <span class='ocrx_word' id='word_1_133' title='bbox 1213 2594 1279 2634; x_wconf 85' lang='lat' dir='ltr'>cre-</span> 
     </span>
     <span class='ocr_line' id='line_1_21' title="bbox 327 2667 1277 2754; baseline 0.002 -22"><span class='ocrx_word' id='word_1_134' title='bbox 327 2681 406 2735; x_wconf 85' lang='lat' dir='ltr'>atos.</span> <span class='ocrx_word' id='word_1_135' title='bbox 450 2673 552 2735; x_wconf 86' lang='lat' dir='ltr'>Luuae</span> <span class='ocrx_word' id='word_1_136' title='bbox 572 2691 648 2754; x_wconf 89' lang='lat' dir='ltr'>ergo</span> <span class='ocrx_word' id='word_1_137' title='bbox 668 2667 864 2732; x_wconf 87' lang='lat' dir='ltr'>domicilium</span> <span class='ocrx_word' id='word_1_138' title='bbox 886 2669 1008 2732; x_wconf 89' lang='lat' dir='ltr'>Cancer</span> <span class='ocrx_word' id='word_1_139' title='bbox 1028 2686 1086 2744; x_wconf 92' lang='lat' dir='ltr'>est,</span> <span class='ocrx_word' id='word_1_140' title='bbox 1104 2673 1169 2735; x_wconf 90' lang='lat' dir='ltr'>Leo</span> <span class='ocrx_word' id='word_1_141' title='bbox 1186 2671 1277 2744; x_wconf 85' lang='lat' dir='ltr'>Solis,</span> 
     </span>
     <span class='ocr_line' id='line_1_22' title="bbox 327 2768 1278 2854; baseline 0.002 -21"><span class='ocrx_word' id='word_1_142' title='bbox 327 2771 483 2834; x_wconf 90' lang='lat' dir='ltr'>Mercurii</span> <span class='ocrx_word' id='word_1_143' title='bbox 506 2771 617 2854; x_wconf 90' lang='lat' dir='ltr'>Virgo,</span> <span class='ocrx_word' id='word_1_144' title='bbox 640 2768 735 2832; x_wconf 88' lang='lat' dir='ltr'>Libra</span> <span class='ocrx_word' id='word_1_145' title='bbox 755 2770 899 2845; x_wconf 89' lang='lat' dir='ltr'>Veneris,</span> <span class='ocrx_word' id='word_1_146' title='bbox 920 2769 1051 2854; x_wconf 87' lang='lat' dir='ltr'>Scorpio</span> <span class='ocrx_word' id='word_1_147' title='bbox 1072 2771 1201 2848; x_wconf 88' lang='lat' dir='ltr'>Martis,</span> <span class='ocrx_word' id='word_1_148' title='bbox 1224 2773 1278 2835; x_wconf 89' lang='lat' dir='ltr'>Sa-</span> 
     </span>
     <span class='ocr_line' id='line_1_23' title="bbox 325 2870 1278 2958; baseline 0.003 -24"><span class='ocrx_word' id='word_1_149' title='bbox 325 2871 475 2958; x_wconf 87' lang='lat' dir='ltr'>gittarius</span> <span class='ocrx_word' id='word_1_150' title='bbox 498 2871 603 2946; x_wconf 90' lang='lat' dir='ltr'>Jovis,</span> <span class='ocrx_word' id='word_1_151' title='bbox 620 2870 749 2936; x_wconf 88' lang='lat' dir='ltr'>Saturni</span> <span class='ocrx_word' id='word_1_152' title='bbox 773 2870 1001 2956; x_wconf 87' lang='lat' dir='ltr'>Capricornus,</span> <span class='ocrx_word' id='word_1_153' title='bbox 1016 2883 1048 2935; x_wconf 95' lang='lat' dir='ltr'>et</span> <span class='ocrx_word' id='word_1_154' title='bbox 1071 2871 1131 2935; x_wconf 92' lang='lat' dir='ltr'>hoc</span> <span class='ocrx_word' id='word_1_155' title='bbox 1151 2886 1278 2937; x_wconf 89' lang='lat' dir='ltr'>natura-</span> 
     </span>
     <span class='ocr_line' id='line_1_24' title="bbox 325 2973 1279 3060; baseline 0.003 -22"><span class='ocrx_word' id='word_1_156' title='bbox 325 2973 407 3040; x_wconf 90' lang='lat' dir='ltr'>liter.</span> <span class='ocrx_word' id='word_1_157' title='bbox 446 2973 624 3038; x_wconf 85' lang='lat' dir='ltr'>Casualiter</span> <span class='ocrx_word' id='word_1_158' title='bbox 639 2995 713 3036; x_wconf 89' lang='lat' dir='ltr'>vero</span> <span class='ocrx_word' id='word_1_159' title='bbox 731 2974 870 3038; x_wconf 89' lang='lat' dir='ltr'>Saturno</span> <span class='ocrx_word' id='word_1_160' title='bbox 883 2973 968 3038; x_wconf 90' lang='lat' dir='ltr'>cedit</span> <span class='ocrx_word' id='word_1_161' title='bbox 983 2974 1154 3060; x_wconf 84' lang='lat' dir='ltr'>Aquarius,</span> <span class='ocrx_word' id='word_1_162' title='bbox 1173 2976 1279 3042; x_wconf 90' lang='lat' dir='ltr'>Pisces</span> 
     </span>
     <span class='ocr_line' id='line_1_25' title="bbox 325 3074 1277 3152; baseline 0.003 -14"><span class='ocrx_word' id='word_1_163' title='bbox 325 3075 414 3152; x_wconf 85' lang='lat' dir='ltr'>Jovi,</span> <span class='ocrx_word' id='word_1_164' title='bbox 430 3075 510 3140; x_wconf 90' lang='lat' dir='ltr'>aries</span> <span class='ocrx_word' id='word_1_165' title='bbox 526 3075 637 3149; x_wconf 90' lang='lat' dir='ltr'>Marti,</span> <span class='ocrx_word' id='word_1_166' title='bbox 655 3074 768 3138; x_wconf 90' lang='lat' dir='ltr'>Veneri</span> <span class='ocrx_word' id='word_1_167' title='bbox 786 3075 927 3152; x_wconf 85' lang='lat' dir='ltr'>Taurus,</span> <span class='ocrx_word' id='word_1_168' title='bbox 942 3075 974 3138; x_wconf 91' lang='lat' dir='ltr'>iu</span> <span class='ocrx_word' id='word_1_169' title='bbox 991 3077 1144 3141; x_wconf 90' lang='lat' dir='ltr'>Mercurii</span> <span class='ocrx_word' id='word_1_170' title='bbox 1159 3090 1277 3143; x_wconf 86' lang='lat' dir='ltr'>sortem</span> 
     </span>
     <span class='ocr_line' id='line_1_26' title="bbox 325 3176 1278 3264; baseline 0.002 -22"><span class='ocrx_word' id='word_1_171' title='bbox 325 3177 443 3264; x_wconf 85' lang='lat' dir='ltr'>gemini</span> <span class='ocrx_word' id='word_1_172' title='bbox 458 3176 594 3242; x_wconf 89' lang='lat' dir='ltr'>cedunt:</span> <span class='ocrx_word' id='word_1_173' title='bbox 635 3177 729 3241; x_wconf 90' lang='lat' dir='ltr'>Luua</span> <span class='ocrx_word' id='word_1_174' title='bbox 744 3197 821 3240; x_wconf 89' lang='lat' dir='ltr'>vero</span> <span class='ocrx_word' id='word_1_175' title='bbox 836 3176 1003 3240; x_wconf 89' lang='lat' dir='ltr'>commoda</span> <span class='ocrx_word' id='word_1_176' title='bbox 1017 3190 1076 3254; x_wconf 91' lang='lat' dir='ltr'>est,</span> <span class='ocrx_word' id='word_1_177' title='bbox 1092 3201 1188 3264; x_wconf 90' lang='lat' dir='ltr'>quam</span> <span class='ocrx_word' id='word_1_178' title='bbox 1204 3203 1278 3244; x_wconf 89' lang='lat' dir='ltr'>cum</span> 
     </span>
    </p>
   </div>
   <div class='ocr_carea' id='block_1_4' title="bbox 324 3277 1276 3366">
    <p class='ocr_par' dir='ltr' id='par_1_9' title="bbox 324 3277 1276 3366">
     <span class='ocr_line' id='line_1_27' title="bbox 324 3277 1276 3366; baseline 0.003 -22"><span class='ocrx_word' id='word_1_179' title='bbox 324 3279 396 3346; x_wconf 89' lang='lat' dir='ltr'>aliis</span> <span class='ocrx_word' id='word_1_180' title='bbox 418 3279 527 3355; x_wconf 88' lang='lat' dir='ltr'>stellis,</span> <span class='ocrx_word' id='word_1_181' title='bbox 551 3277 706 3366; x_wconf 90' lang='lat' dir='ltr'>quicquid</span> <span class='ocrx_word' id='word_1_182' title='bbox 728 3277 773 3340; x_wconf 86' lang='lat' dir='ltr'>illi</span> <span class='ocrx_word' id='word_1_183' title='bbox 798 3278 953 3362; x_wconf 87' lang='lat' dir='ltr'>garriant,</span> <span class='ocrx_word' id='word_1_184' title='bbox 979 3281 1099 3343; x_wconf 88' lang='lat' dir='ltr'>creavit</span> <span class='ocrx_word' id='word_1_185' title='bbox 1124 3285 1215 3345; x_wconf 93' lang='lat' dir='ltr'>Deus</span> <span class='ocrx_word' id='word_1_186' title='bbox 1240 3296 1276 3348; x_wconf 91' lang='lat' dir='ltr'>ut</span> 
     </span>
    </p>
   </div>
   <div class='ocr_carea' id='block_1_5' title="bbox 325 3379 1398 3468">
    <p class='ocr_par' dir='ltr' id='par_1_10' title="bbox 325 3379 1398 3468">
     <span class='ocr_line' id='line_1_28' title="bbox 325 3379 1398 3468; baseline -0.004 -22"><span class='ocrx_word' id='word_1_187' title='bbox 325 3395 473 3468; x_wconf 75' lang='lat' dir='ltr'>praesset</span> <span class='ocrx_word' id='word_1_188' title='bbox 489 3385 583 3446; x_wconf 91' lang='lat' dir='ltr'>nocti.</span> <span class='ocrx_word' id='word_1_189' title='bbox 632 3380 718 3458; x_wconf 85' lang='lat' dir='ltr'>Quid</span> <span class='ocrx_word' id='word_1_190' title='bbox 740 3380 822 3443; x_wconf 90' lang='lat' dir='ltr'>enim</span> <span class='ocrx_word' id='word_1_191' title='bbox 846 3380 888 3444; x_wconf 89' lang='lat' dir='ltr'>de</span> <span class='ocrx_word' id='word_1_192' title='bbox 908 3383 981 3444; x_wconf 87' lang='lat' dir='ltr'>Sole</span> <span class='ocrx_word' id='word_1_193' title='bbox 1004 3379 1107 3444; x_wconf 87' lang='lat' dir='ltr'>dicam</span> <span class='ocrx_word' id='word_1_194' title='bbox 1129 3383 1187 3467; x_wconf 89' lang='lat' dir='ltr'>qui</span> <span class='ocrx_word' id='word_1_195' title='bbox 1208 3384 1278 3448; x_wconf 88' lang='lat' dir='ltr'>dux</span> <span class='ocrx_word' id='word_1_196' title='bbox 1392 3421 1398 3442; x_wconf 87' lang='lat'>.</span> 
     </span>
    </p>
   </div>
   <div class='ocr_carea' id='block_1_6' title="bbox 322 3481 1276 4386">
    <p class='ocr_par' dir='ltr' id='par_1_11' title="bbox 322 3481 1276 4386">
     <span class='ocr_line' id='line_1_29' title="bbox 324 3481 1274 3572; baseline -0.001 -21"><span class='ocrx_word' id='word_1_197' title='bbox 324 3499 356 3550; x_wconf 89' lang='lat' dir='ltr'>et</span> <span class='ocrx_word' id='word_1_198' title='bbox 375 3485 521 3572; x_wconf 88' lang='lat' dir='ltr'>princeps</span> <span class='ocrx_word' id='word_1_199' title='bbox 540 3495 598 3562; x_wconf 80' lang='lat' dir='ltr'>est,</span> <span class='ocrx_word' id='word_1_200' title='bbox 616 3495 648 3548; x_wconf 92' lang='lat' dir='ltr'>et</span> <span class='ocrx_word' id='word_1_201' title='bbox 669 3481 852 3546; x_wconf 85' lang='lat' dir='ltr'>moderator</span> <span class='ocrx_word' id='word_1_202' title='bbox 874 3482 1030 3547; x_wconf 89' lang='lat' dir='ltr'>luminum</span> <span class='ocrx_word' id='word_1_203' title='bbox 1051 3482 1274 3570; x_wconf 77' lang='lat' dir='ltr'>reliquorum?</span> 
     </span>
     <span class='ocr_line' id='line_1_30' title="bbox 324 3584 1274 3673; baseline 0.001 -23"><span class='ocrx_word' id='word_1_204' title='bbox 324 3609 398 3651; x_wconf 90' lang='lat' dir='ltr'>eum</span> <span class='ocrx_word' id='word_1_205' title='bbox 424 3587 537 3673; x_wconf 90' lang='lat' dir='ltr'>utique</span> <span class='ocrx_word' id='word_1_206' title='bbox 561 3585 807 3650; x_wconf 89' lang='lat' dir='ltr'>reclamantibus</span> <span class='ocrx_word' id='word_1_207' title='bbox 833 3584 984 3648; x_wconf 90' lang='lat' dir='ltr'>omnibus</span> <span class='ocrx_word' id='word_1_208' title='bbox 1009 3584 1059 3648; x_wconf 91' lang='lat' dir='ltr'>his</span> <span class='ocrx_word' id='word_1_209' title='bbox 1081 3584 1274 3670; x_wconf 87' lang='lat' dir='ltr'>planetariis,</span> 
     </span>
     <span class='ocr_line' id='line_1_31' title="bbox 325 3686 1276 3775; baseline 0.002 -23"><span class='ocrx_word' id='word_1_210' title='bbox 325 3711 388 3752; x_wconf 91' lang='lat' dir='ltr'>uon</span> <span class='ocrx_word' id='word_1_211' title='bbox 404 3688 500 3754; x_wconf 90' lang='lat' dir='ltr'>timeo</span> <span class='ocrx_word' id='word_1_212' title='bbox 521 3687 640 3753; x_wconf 90' lang='lat' dir='ltr'>bouum</span> <span class='ocrx_word' id='word_1_213' title='bbox 656 3701 688 3752; x_wconf 88' lang='lat' dir='ltr'>et</span> <span class='ocrx_word' id='word_1_214' title='bbox 703 3687 914 3752; x_wconf 88' lang='lat' dir='ltr'>necessarium</span> <span class='ocrx_word' id='word_1_215' title='bbox 929 3686 1092 3773; x_wconf 83' lang='lat' dir='ltr'>profiteri:</span> <span class='ocrx_word' id='word_1_216' title='bbox 1124 3712 1223 3775; x_wconf 92' lang='lat' dir='ltr'>quum</span> <span class='ocrx_word' id='word_1_217' title='bbox 1244 3702 1276 3754; x_wconf 88' lang='lat' dir='ltr'>et</span> 
     </span>
     <span class='ocr_line' id='line_1_32' title="bbox 322 3787 1272 3872; baseline 0 -18"><span class='ocrx_word' id='word_1_218' title='bbox 322 3789 405 3854; x_wconf 91' lang='lat' dir='ltr'>diem</span> <span class='ocrx_word' id='word_1_219' title='bbox 432 3789 615 3854; x_wconf 86' lang='lat' dir='ltr'>videntibus</span> <span class='ocrx_word' id='word_1_220' title='bbox 640 3787 762 3852; x_wconf 88' lang='lat' dir='ltr'>cunctis</span> <span class='ocrx_word' id='word_1_221' title='bbox 791 3787 941 3862; x_wconf 89' lang='lat' dir='ltr'>illustret,</span> <span class='ocrx_word' id='word_1_222' title='bbox 968 3799 1123 3872; x_wconf 91' lang='lat' dir='ltr'>temperet</span> <span class='ocrx_word' id='word_1_223' title='bbox 1151 3789 1272 3866; x_wconf 92' lang='lat' dir='ltr'>orbem,</span> 
     </span>
     <span class='ocr_line' id='line_1_33' title="bbox 322 3886 1274 3978; baseline -0.003 -22"><span class='ocrx_word' id='word_1_224' title='bbox 322 3891 396 3956; x_wconf 87' lang='lat' dir='ltr'>auui</span> <span class='ocrx_word' id='word_1_225' title='bbox 422 3903 566 3978; x_wconf 88' lang='lat' dir='ltr'>tempora</span> <span class='ocrx_word' id='word_1_226' title='bbox 589 3889 723 3966; x_wconf 89' lang='lat' dir='ltr'>dividat,</span> <span class='ocrx_word' id='word_1_227' title='bbox 748 3888 880 3953; x_wconf 90' lang='lat' dir='ltr'>inducat</span> <span class='ocrx_word' id='word_1_228' title='bbox 901 3909 1007 3952; x_wconf 90' lang='lat' dir='ltr'>rerum</span> <span class='ocrx_word' id='word_1_229' title='bbox 1031 3886 1274 3968; x_wconf 85' lang='lat' dir='ltr'>vicissitudines,</span> 
     </span>
     <span class='ocr_line' id='line_1_34' title="bbox 322 3991 1274 4080; baseline -0.002 -22"><span class='ocrx_word' id='word_1_230' title='bbox 322 4007 354 4060; x_wconf 89' lang='lat' dir='ltr'>et</span> <span class='ocrx_word' id='word_1_231' title='bbox 369 3993 431 4058; x_wconf 83' lang='lat' dir='ltr'>alia</span> <span class='ocrx_word' id='word_1_232' title='bbox 445 3993 594 4080; x_wconf 89' lang='lat' dir='ltr'>plurima,</span> <span class='ocrx_word' id='word_1_233' title='bbox 609 4016 683 4080; x_wconf 80' lang='lat' dir='ltr'>quae</span> <span class='ocrx_word' id='word_1_234' title='bbox 699 4014 782 4056; x_wconf 90' lang='lat' dir='ltr'>nunc</span> <span class='ocrx_word' id='word_1_235' title='bbox 798 3991 931 4076; x_wconf 91' lang='lat' dir='ltr'>longum</span> <span class='ocrx_word' id='word_1_236' title='bbox 946 4003 993 4056; x_wconf 86' lang='lat' dir='ltr'>est</span> <span class='ocrx_word' id='word_1_237' title='bbox 1008 4012 1164 4056; x_wconf 88' lang='lat' dir='ltr'>enarrare.</span> <span class='ocrx_word' id='word_1_238' title='bbox 1211 3992 1274 4056; x_wconf 90' lang='lat' dir='ltr'>Sed</span> 
     </span>
     <span class='ocr_line' id='line_1_35' title="bbox 323 4092 1276 4161; baseline 0.001 -2"><span class='ocrx_word' id='word_1_239' title='bbox 323 4095 395 4160; x_wconf 88' lang='lat' dir='ltr'>licet</span> <span class='ocrx_word' id='word_1_240' title='bbox 414 4097 590 4161; x_wconf 89' lang='lat' dir='ltr'>multarum</span> <span class='ocrx_word' id='word_1_241' title='bbox 610 4095 786 4160; x_wconf 86' lang='lat' dir='ltr'>utilitatum</span> <span class='ocrx_word' id='word_1_242' title='bbox 808 4093 839 4158; x_wconf 91' lang='lat' dir='ltr'>iu</span> <span class='ocrx_word' id='word_1_243' title='bbox 861 4117 899 4157; x_wconf 92' lang='lat' dir='ltr'>eo</span> <span class='ocrx_word' id='word_1_244' title='bbox 919 4107 951 4158; x_wconf 93' lang='lat' dir='ltr'>et</span> <span class='ocrx_word' id='word_1_245' title='bbox 974 4092 1007 4156; x_wconf 92' lang='lat' dir='ltr'>iu</span> <span class='ocrx_word' id='word_1_246' title='bbox 1029 4092 1153 4158; x_wconf 74' lang='lat' dir='ltr'>canteris</span> <span class='ocrx_word' id='word_1_247' title='bbox 1173 4116 1276 4160; x_wconf 85' lang='lat' dir='ltr'>causae</span> 
     </span>
     <span class='ocr_line' id='line_1_36' title="bbox 322 4195 1275 4283; baseline 0.003 -25"><span class='ocrx_word' id='word_1_248' title='bbox 322 4196 489 4276; x_wconf 83' lang='lat' dir='ltr'>resideant,</span> <span class='ocrx_word' id='word_1_249' title='bbox 505 4198 646 4283; x_wconf 86' lang='lat' dir='ltr'>ipsorum</span> <span class='ocrx_word' id='word_1_250' title='bbox 668 4209 773 4262; x_wconf 87' lang='lat' dir='ltr'>tamen</span> <span class='ocrx_word' id='word_1_251' title='bbox 794 4209 825 4260; x_wconf 93' lang='lat' dir='ltr'>et</span> <span class='ocrx_word' id='word_1_252' title='bbox 841 4195 983 4260; x_wconf 89' lang='lat' dir='ltr'>omnium</span> <span class='ocrx_word' id='word_1_253' title='bbox 1000 4217 1075 4282; x_wconf 85' lang='lat' dir='ltr'>quae</span> <span class='ocrx_word' id='word_1_254' title='bbox 1088 4208 1174 4260; x_wconf 90' lang='lat' dir='ltr'>recte</span> <span class='ocrx_word' id='word_1_255' title='bbox 1189 4209 1275 4276; x_wconf 88' lang='lat' dir='ltr'>suut,</span> 
     </span>
     <span class='ocr_line' id='line_1_37' title="bbox 322 4297 1273 4386; baseline -0.004 -22"><span class='ocrx_word' id='word_1_256' title='bbox 322 4320 387 4364; x_wconf 85' lang='lat' dir='ltr'>uua</span> <span class='ocrx_word' id='word_1_257' title='bbox 401 4313 447 4366; x_wconf 82' lang='lat' dir='ltr'>est</span> <span class='ocrx_word' id='word_1_258' title='bbox 461 4313 494 4366; x_wconf 85' lang='lat' dir='ltr'>et</span> <span class='ocrx_word' id='word_1_259' title='bbox 514 4300 618 4386; x_wconf 87' lang='lat' dir='ltr'>prima</span> <span class='ocrx_word' id='word_1_260' title='bbox 638 4322 743 4376; x_wconf 64' lang='lat' dir='ltr'>causa</span> <span class='ocrx_word' id='word_1_261' title='bbox 760 4322 834 4384; x_wconf 87' lang='lat' dir='ltr'>quae</span> <span class='ocrx_word' id='word_1_262' title='bbox 858 4297 1016 4362; x_wconf 89' lang='lat' dir='ltr'>mundum</span> <span class='ocrx_word' id='word_1_263' title='bbox 1035 4297 1111 4360; x_wconf 86' lang='lat' dir='ltr'>iecit</span> <span class='ocrx_word' id='word_1_264' title='bbox 1135 4298 1273 4382; x_wconf 84' lang='lat' dir='ltr'>propriae</span> 
     </span>
    </p>
   </div>
   <div class='ocr_carea' id='block_1_7' title="bbox 0 0 1718 5367">
    <p class='ocr_par' dir='ltr' id='par_1_12' title="bbox 0 0 1718 5367">
     <span class='ocr_line' id='line_1_38' title="bbox 0 0 1718 5367; baseline 0 4"><span class='ocrx_word' id='word_1_265' title='bbox 0 0 1718 5367; x_wconf 95' lang='lat' dir='ltr'> </span> 
     </span>
    </p>
   </div>
  </div>
 </body>
</html>
