<?xml version="1.0" encoding="UTF-8"?>
<!DOCTYPE html PUBLIC "-//W3C//DTD XHTML 1.0 Transitional//EN"
    "http://www.w3.org/TR/xhtml1/DTD/xhtml1-transitional.dtd">
<html xmlns="http://www.w3.org/1999/xhtml" xml:lang="en" lang="en">
 <head>
  <title>
</title>
<meta http-equiv="Content-Type" content="text/html;charset=utf-8" />
  <meta name='ocr-system' content='tesseract 3.04.00' />
  <meta name='ocr-capabilities' content='ocr_page ocr_carea ocr_par ocr_line ocrx_word'/>
</head>
<body>
  <div class='ocr_page' id='page_1' title='image "./operaomnianuncp04johngoog_0050.png"; bbox 0 0 3425 5367; ppageno 0'>
   <div class='ocr_carea' id='block_1_1' title="bbox 320 642 1275 745">
    <p class='ocr_par' dir='ltr' id='par_1_1' title="bbox 320 642 1275 745">
     <span class='ocr_line' id='line_1_1' title="bbox 320 642 1275 745; baseline -0.013 -16"><span class='ocrx_word' id='word_1_1' title='bbox 320 684 390 729; x_wconf 78' lang='lat' dir='ltr'><strong>car.</strong></span> <span class='ocrx_word' id='word_1_2' title='bbox 410 666 471 745; x_wconf 74' lang='lat' dir='ltr'><strong>va]</strong></span> <span class='ocrx_word' id='word_1_3' title='bbox 593 642 598 651; x_wconf 44' lang='lat'>⁸</span> <span class='ocrx_word' id='word_1_4' title='bbox 697 680 951 727; x_wconf 72' lang='lat' dir='ltr'><strong>mercatrices.</strong></span> <span class='ocrx_word' id='word_1_5' title='bbox 1232 659 1275 718; x_wconf 78' lang='lat'><strong>89</strong></span> 
     </span>
    </p>
   </div>
   <div class='ocr_carea' id='block_1_2' title="bbox 318 825 1316 3350">
    <p class='ocr_par' dir='ltr' id='par_1_2' title="bbox 318 825 1316 3350">
     <span class='ocr_line' id='line_1_2' title="bbox 322 825 1275 917; baseline -0.01 -20"><span class='ocrx_word' id='word_1_6' title='bbox 322 830 588 912; x_wconf 75' lang='lat' dir='ltr'><strong>intercinentium,</strong></span> <span class='ocrx_word' id='word_1_7' title='bbox 613 844 645 897; x_wconf 91' lang='lat' dir='ltr'><strong>et</strong></span> <span class='ocrx_word' id='word_1_8' title='bbox 668 832 892 909; x_wconf 83' lang='lat' dir='ltr'><strong>occinentium,</strong></span> <span class='ocrx_word' id='word_1_9' title='bbox 917 830 1099 917; x_wconf 79' lang='lat' dir='ltr'><strong>praemolles</strong></span> <span class='ocrx_word' id='word_1_10' title='bbox 1126 825 1275 889; x_wconf 90' lang='lat' dir='ltr'><strong>modula·</strong></span> 
     </span>
     <span class='ocr_line' id='line_1_3' title="bbox 324 930 1275 1013; baseline -0.009 -13"><span class='ocrx_word' id='word_1_11' title='bbox 324 935 427 1001; x_wconf 92' lang='lat' dir='ltr'><strong>tiones</strong></span> <span class='ocrx_word' id='word_1_12' title='bbox 440 932 590 1013; x_wconf 85' lang='lat' dir='ltr'><strong>audieris,</strong></span> <span class='ocrx_word' id='word_1_13' title='bbox 606 934 789 997; x_wconf 90' lang='lat' dir='ltr'><strong>Sirenarum</strong></span> <span class='ocrx_word' id='word_1_14' title='bbox 803 945 976 997; x_wconf 85' lang='lat' dir='ltr'><strong>concentus</strong></span> <span class='ocrx_word' id='word_1_15' title='bbox 993 930 1105 996; x_wconf 83' lang='lat' dir='ltr'><strong>credas</strong></span> <span class='ocrx_word' id='word_1_16' title='bbox 1116 950 1196 1003; x_wconf 80' lang='lat' dir='ltr'><strong>ease,</strong></span> <span class='ocrx_word' id='word_1_17' title='bbox 1210 948 1275 988; x_wconf 85' lang='lat' dir='ltr'><strong>non</strong></span> 
     </span>
     <span class='ocr_line' id='line_1_4' title="bbox 321 1028 1275 1115; baseline -0.009 -15"><span class='ocrx_word' id='word_1_18' title='bbox 321 1036 497 1113; x_wconf 89' lang='lat' dir='ltr'><strong>hominum,</strong></span> <span class='ocrx_word' id='word_1_19' title='bbox 519 1049 552 1102; x_wconf 92' lang='lat' dir='ltr'><strong>et</strong></span> <span class='ocrx_word' id='word_1_20' title='bbox 576 1036 618 1099; x_wconf 92' lang='lat' dir='ltr'><strong>de</strong></span> <span class='ocrx_word' id='word_1_21' title='bbox 640 1058 753 1099; x_wconf 85' lang='lat' dir='ltr'><strong>vocum</strong></span> <span class='ocrx_word' id='word_1_22' title='bbox 780 1034 936 1099; x_wconf 80' lang='lat' dir='ltr'><strong>facilitate</strong></span> <span class='ocrx_word' id='word_1_23' title='bbox 959 1032 1135 1111; x_wconf 77' lang='lat' dir='ltr'><strong>miraberis,</strong></span> <span class='ocrx_word' id='word_1_24' title='bbox 1156 1028 1275 1115; x_wconf 86' lang='lat' dir='ltr'><strong>quibus</strong></span> 
     </span>
     <span class='ocr_line' id='line_1_5' title="bbox 322 1133 1276 1223; baseline -0.007 -23"><span class='ocrx_word' id='word_1_25' title='bbox 322 1136 506 1223; x_wconf 88' lang='lat' dir='ltr'><strong>philomena</strong></span> <span class='ocrx_word' id='word_1_26' title='bbox 528 1138 579 1201; x_wconf 84' lang='lat' dir='ltr'><strong>vel</strong></span> <span class='ocrx_word' id='word_1_27' title='bbox 605 1137 771 1223; x_wconf 83' lang='lat' dir='ltr'><strong>psittacus,</strong></span> <span class='ocrx_word' id='word_1_28' title='bbox 794 1151 851 1201; x_wconf 90' lang='lat' dir='ltr'><strong>aut</strong></span> <span class='ocrx_word' id='word_1_29' title='bbox 877 1138 905 1200; x_wconf 87' lang='lat' dir='ltr'><strong>si</strong></span> <span class='ocrx_word' id='word_1_30' title='bbox 933 1135 1015 1222; x_wconf 87' lang='lat' dir='ltr'><strong>qnid</strong></span> <span class='ocrx_word' id='word_1_31' title='bbox 1044 1133 1190 1199; x_wconf 83' lang='lat' dir='ltr'><strong>sonorius</strong></span> <span class='ocrx_word' id='word_1_32' title='bbox 1214 1138 1276 1206; x_wconf 76' lang='lat' dir='ltr'><strong>est,</strong></span> 
     </span>
     <span class='ocr_line' id='line_1_6' title="bbox 322 1234 1274 1327; baseline -0.011 -23"><span class='ocrx_word' id='word_1_33' title='bbox 322 1238 432 1304; x_wconf 91' lang='lat' dir='ltr'><strong>modos</strong></span> <span class='ocrx_word' id='word_1_34' title='bbox 456 1262 530 1304; x_wconf 90' lang='lat' dir='ltr'><strong>suos</strong></span> <span class='ocrx_word' id='word_1_35' title='bbox 552 1253 717 1327; x_wconf 91' lang='lat' dir='ltr'><strong>nequeunt</strong></span> <span class='ocrx_word' id='word_1_36' title='bbox 743 1259 921 1323; x_wconf 76' lang='lat' dir='ltr'><strong>coaequare.</strong></span> <span class='ocrx_word' id='word_1_37' title='bbox 965 1242 1016 1303; x_wconf 87' lang='lat' dir='ltr'><strong>Ea</strong></span> <span class='ocrx_word' id='word_1_38' title='bbox 1040 1234 1198 1322; x_wconf 88' lang='lat' dir='ltr'><strong>siquidem</strong></span> <span class='ocrx_word' id='word_1_39' title='bbox 1223 1243 1274 1295; x_wconf 87' lang='lat' dir='ltr'><strong>est</strong></span> 
     </span>
     <span class='ocr_line' id='line_1_7' title="bbox 321 1331 1275 1427; baseline -0.007 -21"><span class='ocrx_word' id='word_1_40' title='bbox 321 1340 513 1406; x_wconf 88' lang='lat' dir='ltr'><strong>ascendendi</strong></span> <span class='ocrx_word' id='word_1_41' title='bbox 539 1341 816 1427; x_wconf 87' lang='lat' dir='ltr'><strong>descendendique</strong></span> <span class='ocrx_word' id='word_1_42' title='bbox 841 1340 997 1413; x_wconf 79' lang='lat' dir='ltr'><strong>facilitas3</strong></span> <span class='ocrx_word' id='word_1_43' title='bbox 1032 1362 1072 1402; x_wconf 88' lang='lat' dir='ltr'><strong>ea</strong></span> <span class='ocrx_word' id='word_1_44' title='bbox 1098 1337 1197 1401; x_wconf 87' lang='lat' dir='ltr'><strong>sectio</strong></span> <span class='ocrx_word' id='word_1_45' title='bbox 1222 1331 1275 1396; x_wconf 82' lang='lat' dir='ltr'><strong>vel</strong></span> 
     </span>
     <span class='ocr_line' id='line_1_8' title="bbox 321 1438 1276 1526; baseline -0.005 -23"><span class='ocrx_word' id='word_1_46' title='bbox 321 1441 494 1526; x_wconf 84' lang='lat' dir='ltr'><strong>geminatio</strong></span> <span class='ocrx_word' id='word_1_47' title='bbox 513 1440 707 1517; x_wconf 89' lang='lat' dir='ltr'><strong>notularum,</strong></span> <span class='ocrx_word' id='word_1_48' title='bbox 730 1463 768 1504; x_wconf 89' lang='lat' dir='ltr'><strong>ea</strong></span> <span class='ocrx_word' id='word_1_49' title='bbox 788 1440 953 1525; x_wconf 73' lang='lat' dir='ltr'><strong>replicatio</strong></span> <span class='ocrx_word' id='word_1_50' title='bbox 973 1438 1193 1512; x_wconf 88' lang='lat' dir='ltr'><strong>articulorum,</strong></span> <span class='ocrx_word' id='word_1_51' title='bbox 1213 1438 1276 1499; x_wconf 85' lang='lat' dir='ltr'><strong>sin-</strong></span> 
     </span>
     <span class='ocr_line' id='line_1_9' title="bbox 321 1539 1278 1626; baseline -0.006 -21"><span class='ocrx_word' id='word_1_52' title='bbox 321 1540 539 1626; x_wconf 84' lang='lat' dir='ltr'><strong>gulorumque</strong></span> <span class='ocrx_word' id='word_1_53' title='bbox 564 1542 788 1613; x_wconf 88' lang='lat' dir='ltr'><strong>consolidati0;</strong></span> <span class='ocrx_word' id='word_1_54' title='bbox 824 1545 870 1605; x_wconf 89' lang='lat' dir='ltr'><strong>sic</strong></span> <span class='ocrx_word' id='word_1_55' title='bbox 892 1556 986 1605; x_wconf 89' lang='lat' dir='ltr'><strong>acnta</strong></span> <span class='ocrx_word' id='word_1_56' title='bbox 1009 1540 1058 1605; x_wconf 80' lang='lat' dir='ltr'><strong>rel</strong></span> <span class='ocrx_word' id='word_1_57' title='bbox 1084 1539 1278 1616; x_wconf 89' lang='lat' dir='ltr'><strong>acutissima,</strong></span> 
     </span>
     <span class='ocr_line' id='line_1_10' title="bbox 323 1632 1277 1727; baseline -0.008 -21"><span class='ocrx_word' id='word_1_58' title='bbox 323 1641 478 1726; x_wconf 84' lang='lat' dir='ltr'><strong>gravibus</strong></span> <span class='ocrx_word' id='word_1_59' title='bbox 493 1654 525 1705; x_wconf 90' lang='lat' dir='ltr'><strong>et</strong></span> <span class='ocrx_word' id='word_1_60' title='bbox 547 1632 761 1725; x_wconf 84' lang='lat' dir='ltr'><strong>subgravibus</strong></span> <span class='ocrx_word' id='word_1_61' title='bbox 776 1654 1007 1727; x_wconf 85' lang='lat' dir='ltr'><strong>temperantur,</strong></span> <span class='ocrx_word' id='word_1_62' title='bbox 1022 1653 1061 1704; x_wconf 90' lang='lat' dir='ltr'><strong>nt</strong></span> <span class='ocrx_word' id='word_1_63' title='bbox 1079 1639 1211 1703; x_wconf 88' lang='lat' dir='ltr'><strong>auribus</strong></span> <span class='ocrx_word' id='word_1_64' title='bbox 1229 1636 1277 1700; x_wconf 89' lang='lat' dir='ltr'><strong>sui</strong></span> 
     </span>
     <span class='ocr_line' id='line_1_11' title="bbox 318 1741 1278 1830; baseline -0.007 -23"><span class='ocrx_word' id='word_1_65' title='bbox 318 1742 437 1830; x_wconf 84' lang='lat' dir='ltr'><strong>judicii</strong></span> <span class='ocrx_word' id='word_1_66' title='bbox 452 1742 520 1806; x_wconf 81' lang='lat' dir='ltr'><strong>t&#39;ere</strong></span> <span class='ocrx_word' id='word_1_67' title='bbox 538 1744 747 1809; x_wconf 87' lang='lat' dir='ltr'><strong>subtrahatur</strong></span> <span class='ocrx_word' id='word_1_68' title='bbox 761 1743 954 1808; x_wconf 87' lang='lat' dir='ltr'><strong>auctoritas:</strong></span> <span class='ocrx_word' id='word_1_69' title='bbox 977 1755 1010 1808; x_wconf 90' lang='lat' dir='ltr'><strong>et</strong></span> <span class='ocrx_word' id='word_1_70' title='bbox 1029 1741 1166 1815; x_wconf 89' lang='lat' dir='ltr'><strong>animus,</strong></span> <span class='ocrx_word' id='word_1_71' title='bbox 1180 1759 1278 1823; x_wconf 86' lang='lat' dir='ltr'><strong>quem</strong></span> 
     </span>
     <span class='ocr_line' id='line_1_12' title="bbox 324 1840 1280 1929; baseline -0.006 -21"><span class='ocrx_word' id='word_1_72' title='bbox 324 1856 424 1909; x_wconf 86' lang='lat' dir='ltr'><strong>tantae</strong></span> <span class='ocrx_word' id='word_1_73' title='bbox 450 1842 618 1908; x_wconf 87' lang='lat' dir='ltr'><strong>suavitatis</strong></span> <span class='ocrx_word' id='word_1_74' title='bbox 643 1843 794 1909; x_wconf 88' lang='lat' dir='ltr'><strong>demulsit</strong></span> <span class='ocrx_word' id='word_1_75' title='bbox 818 1844 934 1929; x_wconf 84' lang='lat' dir='ltr'><strong>gratia,</strong></span> <span class='ocrx_word' id='word_1_76' title='bbox 955 1843 1141 1908; x_wconf 91' lang='lat' dir='ltr'><strong>auditorum</strong></span> <span class='ocrx_word' id='word_1_77' title='bbox 1166 1840 1280 1903; x_wconf 87' lang='lat' dir='ltr'><strong>merita</strong></span> 
     </span>
     <span class='ocr_line' id='line_1_13' title="bbox 322 1940 1278 2030; baseline -0.004 -23"><span class='ocrx_word' id='word_1_78' title='bbox 322 1944 502 2009; x_wconf 86' lang='lat' dir='ltr'><strong>examinare</strong></span> <span class='ocrx_word' id='word_1_79' title='bbox 522 1965 584 2007; x_wconf 92' lang='lat' dir='ltr'><strong>non</strong></span> <span class='ocrx_word' id='word_1_80' title='bbox 607 1942 734 2009; x_wconf 87' lang='lat' dir='ltr'><strong>sufficit.</strong></span> <span class='ocrx_word' id='word_1_81' title='bbox 779 1948 888 2023; x_wconf 85' lang='lat' dir='ltr'><strong>Quum</strong></span> <span class='ocrx_word' id='word_1_82' title='bbox 903 1945 973 2009; x_wconf 82' lang='lat' dir='ltr'><strong>baec</strong></span> <span class='ocrx_word' id='word_1_83' title='bbox 994 1943 1127 2030; x_wconf 90' lang='lat' dir='ltr'><strong>quidem</strong></span> <span class='ocrx_word' id='word_1_84' title='bbox 1144 1940 1278 2005; x_wconf 92' lang='lat' dir='ltr'><strong>modum</strong></span> 
     </span>
     <span class='ocr_line' id='line_1_14' title="bbox 321 2043 1279 2135; baseline -0.006 -24"><span class='ocrx_word' id='word_1_85' title='bbox 321 2044 523 2126; x_wconf 84' lang='lat' dir='ltr'><strong>excesserint,</strong></span> <span class='ocrx_word' id='word_1_86' title='bbox 538 2044 720 2110; x_wconf 89' lang='lat' dir='ltr'><strong>lumborum</strong></span> <span class='ocrx_word' id='word_1_87' title='bbox 739 2047 948 2134; x_wconf 85' lang='lat' dir='ltr'><strong>pruriginem,</strong></span> <span class='ocrx_word' id='word_1_88' title='bbox 963 2068 1061 2135; x_wconf 90' lang='lat' dir='ltr'><strong>quam</strong></span> <span class='ocrx_word' id='word_1_89' title='bbox 1076 2043 1279 2109; x_wconf 86' lang='lat' dir='ltr'><strong>devotionem</strong></span> 
     </span>
     <span class='ocr_line' id='line_1_15' title="bbox 323 2145 1279 2234; baseline -0.006 -21"><span class='ocrx_word' id='word_1_90' title='bbox 323 2147 448 2225; x_wconf 89' lang='lat' dir='ltr'><strong>mentis,</strong></span> <span class='ocrx_word' id='word_1_91' title='bbox 464 2158 614 2234; x_wconf 86' lang='lat' dir='ltr'><strong>poterunt</strong></span> <span class='ocrx_word' id='word_1_92' title='bbox 629 2148 724 2214; x_wconf 89' lang='lat' dir='ltr'><strong>citius</strong></span> <span class='ocrx_word' id='word_1_93' title='bbox 738 2150 887 2214; x_wconf 86' lang='lat' dir='ltr'><strong>excitare.</strong></span> <span class='ocrx_word' id='word_1_94' title='bbox 922 2150 957 2213; x_wconf 88' lang='lat' dir='ltr'><strong>Si</strong></span> <span class='ocrx_word' id='word_1_95' title='bbox 968 2171 1044 2213; x_wconf 84' lang='lat' dir='ltr'><strong>vero</strong></span> <span class='ocrx_word' id='word_1_96' title='bbox 1054 2145 1279 2211; x_wconf 85' lang='lat' dir='ltr'><strong>moderationis</strong></span> 
     </span>
     <span class='ocr_line' id='line_1_16' title="bbox 323 2246 1279 2324; baseline -0.003 -13"><span class='ocrx_word' id='word_1_97' title='bbox 323 2247 461 2311; x_wconf 81' lang='lat' dir='ltr'><strong>formula</strong></span> <span class='ocrx_word' id='word_1_98' title='bbox 481 2246 671 2324; x_wconf 89' lang='lat' dir='ltr'><strong>limitantur,</strong></span> <span class='ocrx_word' id='word_1_99' title='bbox 688 2248 829 2314; x_wconf 87' lang='lat' dir='ltr'><strong>animum</strong></span> <span class='ocrx_word' id='word_1_100' title='bbox 850 2273 871 2313; x_wconf 90' lang='lat' dir='ltr'><strong>a</strong></span> <span class='ocrx_word' id='word_1_101' title='bbox 884 2249 970 2314; x_wconf 87' lang='lat' dir='ltr'><strong>curis</strong></span> <span class='ocrx_word' id='word_1_102' title='bbox 983 2249 1158 2324; x_wconf 92' lang='lat' dir='ltr'><strong>redimunt,</strong></span> <span class='ocrx_word' id='word_1_103' title='bbox 1172 2259 1279 2310; x_wconf 84' lang='lat' dir='ltr'><strong>exter·</strong></span> 
     </span>
     <span class='ocr_line' id='line_1_17' title="bbox 324 2349 1279 2437; baseline -0.003 -24"><span class='ocrx_word' id='word_1_104' title='bbox 324 2350 444 2413; x_wconf 87' lang='lat' dir='ltr'><strong>minant</strong></span> <span class='ocrx_word' id='word_1_105' title='bbox 469 2349 692 2435; x_wconf 87' lang='lat' dir='ltr'><strong>temporalium</strong></span> <span class='ocrx_word' id='word_1_106' title='bbox 713 2351 960 2428; x_wconf 88' lang='lat' dir='ltr'><strong>solicitudinem,</strong></span> <span class='ocrx_word' id='word_1_107' title='bbox 975 2364 1008 2415; x_wconf 90' lang='lat' dir='ltr'><strong>et</strong></span> <span class='ocrx_word' id='word_1_108' title='bbox 1023 2351 1161 2437; x_wconf 85' lang='lat' dir='ltr'><strong>quadam</strong></span> <span class='ocrx_word' id='word_1_109' title='bbox 1180 2349 1279 2434; x_wconf 90' lang='lat' dir='ltr'><strong>parti·</strong></span> 
     </span>
     <span class='ocr_line' id='line_1_18' title="bbox 324 2449 1279 2539; baseline 0.002 -28"><span class='ocrx_word' id='word_1_110' title='bbox 324 2449 482 2534; x_wconf 91' lang='lat' dir='ltr'><strong>cipatione</strong></span> <span class='ocrx_word' id='word_1_111' title='bbox 502 2450 634 2528; x_wconf 85' lang='lat' dir='ltr'><strong>laetitioe,</strong></span> <span class='ocrx_word' id='word_1_112' title='bbox 655 2464 688 2517; x_wconf 91' lang='lat' dir='ltr'><strong>et</strong></span> <span class='ocrx_word' id='word_1_113' title='bbox 711 2452 836 2539; x_wconf 88' lang='lat' dir='ltr'><strong>quietis,</strong></span> <span class='ocrx_word' id='word_1_114' title='bbox 854 2467 888 2517; x_wconf 91' lang='lat' dir='ltr'><strong>et</strong></span> <span class='ocrx_word' id='word_1_115' title='bbox 908 2453 1010 2517; x_wconf 87' lang='lat' dir='ltr'><strong>amica</strong></span> <span class='ocrx_word' id='word_1_116' title='bbox 1028 2451 1226 2516; x_wconf 87' lang='lat' dir='ltr'><strong>exultatione</strong></span> <span class='ocrx_word' id='word_1_117' title='bbox 1244 2450 1279 2513; x_wconf 92' lang='lat' dir='ltr'><strong>in</strong></span> 
     </span>
     <span class='ocr_line' id='line_1_19' title="bbox 327 2552 1279 2638; baseline 0 -24"><span class='ocrx_word' id='word_1_118' title='bbox 327 2552 443 2632; x_wconf 92' lang='lat' dir='ltr'><strong>Deum,</strong></span> <span class='ocrx_word' id='word_1_119' title='bbox 457 2564 579 2616; x_wconf 85' lang='lat' dir='ltr'><strong>mentes</strong></span> <span class='ocrx_word' id='word_1_120' title='bbox 600 2552 757 2618; x_wconf 90' lang='lat' dir='ltr'><strong>humanas</strong></span> <span class='ocrx_word' id='word_1_121' title='bbox 777 2554 942 2638; x_wconf 86' lang='lat' dir='ltr'><strong>trajiciunt</strong></span> <span class='ocrx_word' id='word_1_122' title='bbox 962 2553 1003 2616; x_wconf 88' lang='lat' dir='ltr'><strong>ad</strong></span> <span class='ocrx_word' id='word_1_123' title='bbox 1023 2554 1205 2619; x_wconf 89' lang='lat' dir='ltr'><strong>societatem</strong></span> <span class='ocrx_word' id='word_1_124' title='bbox 1223 2574 1279 2614; x_wconf 90' lang='lat' dir='ltr'><strong>an-</strong></span> 
     </span>
     <span class='ocr_line' id='line_1_20' title="bbox 325 2648 1281 2737; baseline -0.004 -22"><span class='ocrx_word' id='word_1_125' title='bbox 325 2650 481 2737; x_wconf 84' lang='lat' dir='ltr'><strong>gelorum.</strong></span> <span class='ocrx_word' id='word_1_126' title='bbox 531 2652 596 2717; x_wconf 89' lang='lat' dir='ltr'><strong>Sed</strong></span> <span class='ocrx_word' id='word_1_127' title='bbox 628 2652 713 2716; x_wconf 92' lang='lat' dir='ltr'><strong>unde</strong></span> <span class='ocrx_word' id='word_1_128' title='bbox 742 2655 825 2716; x_wconf 88' lang='lat' dir='ltr'><strong>banc</strong></span> <span class='ocrx_word' id='word_1_129' title='bbox 854 2653 1080 2717; x_wconf 88' lang='lat' dir='ltr'><strong>moderationis</strong></span> <span class='ocrx_word' id='word_1_130' title='bbox 1107 2648 1281 2715; x_wconf 80' lang='lat' dir='ltr'><strong>formulam</strong></span> 
     </span>
     <span class='ocr_line' id='line_1_21' title="bbox 325 2750 1282 2838; baseline -0.005 -21"><span class='ocrx_word' id='word_1_131' title='bbox 325 2751 436 2817; x_wconf 87' lang='lat' dir='ltr'><strong>tenes?</strong></span> <span class='ocrx_word' id='word_1_132' title='bbox 458 2752 677 2827; x_wconf 87' lang='lat' dir='ltr'><strong>Exultabunt,</strong></span> <span class='ocrx_word' id='word_1_133' title='bbox 690 2751 809 2836; x_wconf 89' lang='lat' dir='ltr'><strong>inquit,</strong></span> <span class='ocrx_word' id='word_1_134' title='bbox 820 2774 924 2838; x_wconf 89' lang='lat' dir='ltr'><strong>quum</strong></span> <span class='ocrx_word' id='word_1_135' title='bbox 933 2768 1103 2815; x_wconf 83' lang='lat' dir='ltr'><strong>cantavero</strong></span> <span class='ocrx_word' id='word_1_136' title='bbox 1114 2751 1185 2824; x_wconf 89' lang='lat' dir='ltr'><strong>tibi,</strong></span> <span class='ocrx_word' id='word_1_137' title='bbox 1197 2750 1282 2813; x_wconf 89' lang='lat' dir='ltr'><strong>labia</strong></span> 
     </span>
     <span class='ocr_line' id='line_1_22' title="bbox 325 2854 1282 2941; baseline -0.004 -21"><span class='ocrx_word' id='word_1_138' title='bbox 325 2878 407 2920; x_wconf 80' lang='lat' dir='ltr'><strong>ntea.</strong></span> <span class='ocrx_word' id='word_1_139' title='bbox 453 2856 487 2917; x_wconf 89' lang='lat' dir='ltr'><strong>Si</strong></span> <span class='ocrx_word' id='word_1_140' title='bbox 508 2876 585 2941; x_wconf 84' lang='lat' dir='ltr'><strong>ergo</strong></span> <span class='ocrx_word' id='word_1_141' title='bbox 604 2876 644 2919; x_wconf 83' lang='lat' dir='ltr'><strong>ex</strong></span> <span class='ocrx_word' id='word_1_142' title='bbox 665 2856 860 2921; x_wconf 88' lang='lat' dir='ltr'><strong>abundantia</strong></span> <span class='ocrx_word' id='word_1_143' title='bbox 874 2855 977 2919; x_wconf 85' lang='lat' dir='ltr'><strong>cordis</strong></span> <span class='ocrx_word' id='word_1_144' title='bbox 996 2879 1032 2920; x_wconf 90' lang='lat' dir='ltr'><strong>os</strong></span> <span class='ocrx_word' id='word_1_145' title='bbox 1045 2868 1139 2920; x_wconf 92' lang='lat' dir='ltr'><strong>tuum</strong></span> <span class='ocrx_word' id='word_1_146' title='bbox 1154 2854 1282 2918; x_wconf 87' lang='lat' dir='ltr'><strong>laudem</strong></span> 
     </span>
     <span class='ocr_line' id='line_1_23' title="bbox 327 2956 1283 3045; baseline -0.003 -22"><span class='ocrx_word' id='word_1_147' title='bbox 327 2956 461 3023; x_wconf 87' lang='lat' dir='ltr'><strong>Domini</strong></span> <span class='ocrx_word' id='word_1_148' title='bbox 477 2956 670 3040; x_wconf 85' lang='lat' dir='ltr'><strong>moduletur,</strong></span> <span class='ocrx_word' id='word_1_149' title='bbox 686 2959 711 3023; x_wconf 91' lang='lat' dir='ltr'><strong>si</strong></span> <span class='ocrx_word' id='word_1_150' title='bbox 733 2959 846 3045; x_wconf 91' lang='lat' dir='ltr'><strong>spiritu</strong></span> <span class='ocrx_word' id='word_1_151' title='bbox 871 2958 980 3044; x_wconf 84' lang='lat' dir='ltr'><strong>psallis</strong></span> <span class='ocrx_word' id='word_1_152' title='bbox 994 2972 1027 3024; x_wconf 92' lang='lat' dir='ltr'><strong>et</strong></span> <span class='ocrx_word' id='word_1_153' title='bbox 1041 2971 1158 3036; x_wconf 91' lang='lat' dir='ltr'><strong>mente,</strong></span> <span class='ocrx_word' id='word_1_154' title='bbox 1172 2957 1283 3045; x_wconf 88' lang='lat' dir='ltr'><strong>psallis</strong></span> 
     </span>
     <span class='ocr_line' id='line_1_24' title="bbox 324 3058 1316 3144; baseline -0.002 -20"><span class='ocrx_word' id='word_1_155' title='bbox 324 3060 464 3143; x_wconf 89' lang='lat' dir='ltr'><strong>denique</strong></span> <span class='ocrx_word' id='word_1_156' title='bbox 479 3058 647 3144; x_wconf 87' lang='lat' dir='ltr'><strong>sapienter,</strong></span> <span class='ocrx_word' id='word_1_157' title='bbox 662 3061 758 3125; x_wconf 89' lang='lat' dir='ltr'><strong>etiam</strong></span> <span class='ocrx_word' id='word_1_158' title='bbox 776 3060 856 3126; x_wconf 84' lang='lat' dir='ltr'><strong>citra</strong></span> <span class='ocrx_word' id='word_1_159' title='bbox 872 3060 1051 3126; x_wconf 82' lang='lat' dir='ltr'><strong>articulatae</strong></span> <span class='ocrx_word' id='word_1_160' title='bbox 1066 3062 1152 3125; x_wconf 84' lang='lat' dir='ltr'><strong>vocis</strong></span> <span class='ocrx_word' id='word_1_161' title='bbox 1164 3059 1282 3125; x_wconf 87' lang='lat' dir='ltr'><strong>intelli·</strong></span> <span class='ocrx_word' id='word_1_162' title='bbox 1310 3059 1316 3069; x_wconf 85' lang='lat'>&#39;</span> 
     </span>
     <span class='ocr_line' id='line_1_25' title="bbox 325 3160 1280 3249; baseline 0 -22"><span class='ocrx_word' id='word_1_163' title='bbox 325 3160 476 3249; x_wconf 77' lang='lat' dir='ltr'><strong>gentiam,</strong></span> <span class='ocrx_word' id='word_1_164' title='bbox 493 3161 696 3227; x_wconf 87' lang='lat' dir='ltr'><strong>rectissimam</strong></span> <span class='ocrx_word' id='word_1_165' title='bbox 711 3163 879 3229; x_wconf 73' lang='lat' dir='ltr'><strong>modestia</strong></span> <span class='ocrx_word' id='word_1_166' title='bbox 893 3164 1036 3249; x_wconf 86' lang='lat' dir='ltr'><strong>regulam</strong></span> <span class='ocrx_word' id='word_1_167' title='bbox 1052 3176 1151 3241; x_wconf 86' lang='lat' dir='ltr'><strong>tenes,</strong></span> <span class='ocrx_word' id='word_1_168' title='bbox 1166 3177 1200 3229; x_wconf 92' lang='lat' dir='ltr'><strong>et</strong></span> <span class='ocrx_word' id='word_1_169' title='bbox 1216 3186 1280 3228; x_wconf 93' lang='lat' dir='ltr'><strong>non</strong></span> 
     </span>
     <span class='ocr_line' id='line_1_26' title="bbox 325 3263 1282 3350; baseline 0.001 -22"><span class='ocrx_word' id='word_1_170' title='bbox 325 3280 390 3328; x_wconf 89' lang='lat' dir='ltr'><strong>tam</strong></span> <span class='ocrx_word' id='word_1_171' title='bbox 397 3263 494 3339; x_wconf 86' lang='lat' dir='ltr'><strong>vocis,</strong></span> <span class='ocrx_word' id='word_1_172' title='bbox 502 3284 600 3348; x_wconf 90' lang='lat' dir='ltr'><strong>quam</strong></span> <span class='ocrx_word' id='word_1_173' title='bbox 612 3264 837 3350; x_wconf 86' lang='lat' dir='ltr'><strong>mentisjubilo</strong></span> <span class='ocrx_word' id='word_1_174' title='bbox 846 3288 940 3329; x_wconf 88' lang='lat' dir='ltr'><strong>aures</strong></span> <span class='ocrx_word' id='word_1_175' title='bbox 948 3265 1238 3341; x_wconf 83' lang='lat' dir='ltr'><strong>mulcesAltissimi,</strong></span> <span class='ocrx_word' id='word_1_176' title='bbox 1248 3277 1282 3329; x_wconf 90' lang='lat' dir='ltr'><strong>et</strong></span> 
     </span>
    </p>
   </div>
   <div class='ocr_carea' id='block_1_3' title="bbox 325 3365 1382 3457">
    <p class='ocr_par' dir='ltr' id='par_1_3' title="bbox 325 3365 1382 3457">
     <span class='ocr_line' id='line_1_27' title="bbox 325 3365 1382 3457; baseline -0.004 -28"><span class='ocrx_word' id='word_1_177' title='bbox 325 3365 575 3451; x_wconf 82' lang='lat' dir='ltr'><strong>indignationem</strong></span> <span class='ocrx_word' id='word_1_178' title='bbox 587 3366 658 3451; x_wconf 90' lang='lat' dir='ltr'><strong>ejus</strong></span> <span class='ocrx_word' id='word_1_179' title='bbox 673 3365 849 3452; x_wconf 89' lang='lat' dir='ltr'><strong>prudenter</strong></span> <span class='ocrx_word' id='word_1_180' title='bbox 864 3366 993 3430; x_wconf 83' lang='lat' dir='ltr'><strong>avertis.</strong></span> <span class='ocrx_word' id='word_1_181' title='bbox 1030 3368 1094 3442; x_wconf 81' lang='lat' dir='ltr'><strong>Qui</strong></span> <span class='ocrx_word' id='word_1_182' title='bbox 1106 3377 1214 3428; x_wconf 90' lang='lat' dir='ltr'><strong>autem</strong></span> <span class='ocrx_word' id='word_1_183' title='bbox 1226 3384 1283 3427; x_wconf 88' lang='lat' dir='ltr'><strong>vo-</strong></span> <span class='ocrx_word' id='word_1_184' title='bbox 1379 3450 1382 3457; x_wconf 28' lang='grc' dir='ltr'>Ι</span> 
     </span>
    </p>
   </div>
   <div class='ocr_carea' id='block_1_4' title="bbox 323 3464 1283 4363">
    <p class='ocr_par' dir='ltr' id='par_1_4' title="bbox 323 3464 1283 4363">
     <span class='ocr_line' id='line_1_28' title="bbox 325 3464 1280 3553; baseline -0.002 -24"><span class='ocrx_word' id='word_1_185' title='bbox 325 3465 456 3553; x_wconf 88' lang='lat' dir='ltr'><strong>luptatis</strong></span> <span class='ocrx_word' id='word_1_186' title='bbox 485 3479 543 3531; x_wconf 91' lang='lat' dir='ltr'><strong>aut</strong></span> <span class='ocrx_word' id='word_1_187' title='bbox 574 3467 723 3532; x_wconf 85' lang='lat' dir='ltr'><strong>vanitatis</strong></span> <span class='ocrx_word' id='word_1_188' title='bbox 752 3466 886 3532; x_wconf 77' lang='lat' dir='ltr'><strong>allectus</strong></span> <span class='ocrx_word' id='word_1_189' title='bbox 914 3464 1077 3553; x_wconf 86' lang='lat' dir='ltr'><strong>exprimit,</strong></span> <span class='ocrx_word' id='word_1_190' title='bbox 1103 3465 1163 3552; x_wconf 92' lang='lat' dir='ltr'><strong>qui</strong></span> <span class='ocrx_word' id='word_1_191' title='bbox 1192 3465 1280 3528; x_wconf 86' lang='lat' dir='ltr'><strong>vocis</strong></span> 
     </span>
     <span class='ocr_line' id='line_1_29' title="bbox 325 3566 1282 3655; baseline -0.001 -24"><span class='ocrx_word' id='word_1_192' title='bbox 325 3567 463 3653; x_wconf 77' lang='lat' dir='ltr'><strong>gratiam</strong></span> <span class='ocrx_word' id='word_1_193' title='bbox 492 3568 659 3655; x_wconf 86' lang='lat' dir='ltr'><strong>prostituit</strong></span> <span class='ocrx_word' id='word_1_194' title='bbox 688 3568 954 3655; x_wconf 89' lang='lat' dir='ltr'><strong>concupiscentiis</strong></span> <span class='ocrx_word' id='word_1_195' title='bbox 982 3568 1059 3647; x_wconf 88' lang='lat' dir='ltr'><strong>suis,</strong></span> <span class='ocrx_word' id='word_1_196' title='bbox 1084 3568 1142 3655; x_wconf 90' lang='lat' dir='ltr'><strong>qui</strong></span> <span class='ocrx_word' id='word_1_197' title='bbox 1167 3566 1282 3631; x_wconf 90' lang='lat' dir='ltr'><strong>lenoci-</strong></span> 
     </span>
     <span class='ocr_line' id='line_1_30' title="bbox 326 3667 1281 3756; baseline 0.002 -25"><span class='ocrx_word' id='word_1_198' title='bbox 326 3667 453 3735; x_wconf 90' lang='lat' dir='ltr'><strong>niorum</strong></span> <span class='ocrx_word' id='word_1_199' title='bbox 482 3669 665 3735; x_wconf 90' lang='lat' dir='ltr'><strong>clientulam</strong></span> <span class='ocrx_word' id='word_1_200' title='bbox 695 3669 845 3735; x_wconf 88' lang='lat' dir='ltr'><strong>musicam</strong></span> <span class='ocrx_word' id='word_1_201' title='bbox 876 3670 965 3749; x_wconf 87' lang='lat' dir='ltr'><strong>facit,</strong></span> <span class='ocrx_word' id='word_1_202' title='bbox 991 3670 1118 3755; x_wconf 83' lang='lat' dir='ltr'><strong>ignorat</strong></span> <span class='ocrx_word' id='word_1_203' title='bbox 1147 3668 1281 3756; x_wconf 88' lang='lat' dir='ltr'><strong>quidem</strong></span> 
     </span>
     <span class='ocr_line' id='line_1_31' title="bbox 324 3768 1281 3856; baseline -0.003 -22"><span class='ocrx_word' id='word_1_204' title='bbox 324 3768 483 3835; x_wconf 81' lang='lat' dir='ltr'><strong>canticum</strong></span> <span class='ocrx_word' id='word_1_205' title='bbox 499 3770 641 3845; x_wconf 92' lang='lat' dir='ltr'><strong>Domini,</strong></span> <span class='ocrx_word' id='word_1_206' title='bbox 657 3770 760 3835; x_wconf 89' lang='lat' dir='ltr'><strong>modis</strong></span> <span class='ocrx_word' id='word_1_207' title='bbox 781 3770 967 3856; x_wconf 85' lang='lat' dir='ltr'><strong>Babyloniis</strong></span> <span class='ocrx_word' id='word_1_208' title='bbox 987 3769 1121 3834; x_wconf 80' lang='lat' dir='ltr'><strong>festivus</strong></span> <span class='ocrx_word' id='word_1_209' title='bbox 1140 3769 1174 3832; x_wconf 92' lang='lat' dir='ltr'><strong>in</strong></span> <span class='ocrx_word' id='word_1_210' title='bbox 1195 3782 1281 3833; x_wconf 85' lang='lat' dir='ltr'><strong>terra</strong></span> 
     </span>
     <span class='ocr_line' id='line_1_32' title="bbox 323 3866 1279 3957; baseline 0 -24"><span class='ocrx_word' id='word_1_211' title='bbox 323 3866 434 3935; x_wconf 87' lang='lat' dir='ltr'><strong>aliena.</strong></span> <span class='ocrx_word' id='word_1_212' title='bbox 475 3870 540 3947; x_wconf 84' lang='lat' dir='ltr'><strong>Qui</strong></span> <span class='ocrx_word' id='word_1_213' title='bbox 556 3870 660 3933; x_wconf 90' lang='lat' dir='ltr'><strong>nescio</strong></span> <span class='ocrx_word' id='word_1_214' title='bbox 675 3893 742 3955; x_wconf 91' lang='lat' dir='ltr'><strong>quo</strong></span> <span class='ocrx_word' id='word_1_215' title='bbox 756 3883 851 3957; x_wconf 91' lang='lat' dir='ltr'><strong>pacto</strong></span> <span class='ocrx_word' id='word_1_216' title='bbox 866 3870 940 3956; x_wconf 88' lang='lat' dir='ltr'><strong>plus</strong></span> <span class='ocrx_word' id='word_1_217' title='bbox 954 3871 1111 3957; x_wconf 89' lang='lat' dir='ltr'><strong>placeant,</strong></span> <span class='ocrx_word' id='word_1_218' title='bbox 1126 3870 1186 3933; x_wconf 89' lang='lat' dir='ltr'><strong>nisi</strong></span> <span class='ocrx_word' id='word_1_219' title='bbox 1201 3869 1279 3955; x_wconf 89' lang='lat' dir='ltr'><strong>quia</strong></span> 
     </span>
     <span class='ocr_line' id='line_1_33' title="bbox 432 3976 1125 4050; baseline 0.003 -21"><span class='ocrx_word' id='word_1_220' title='bbox 432 3976 550 4029; x_wconf 87' lang='lat' dir='ltr'><strong>Nitimur</strong></span> <span class='ocrx_word' id='word_1_221' title='bbox 561 3978 588 4029; x_wconf 88' lang='lat' dir='ltr'><strong>in</strong></span> <span class='ocrx_word' id='word_1_222' title='bbox 599 3977 709 4031; x_wconf 77' lang='lat' dir='ltr'><strong>retitun</strong></span> <span class='ocrx_word' id='word_1_223' title='bbox 720 3994 831 4049; x_wconf 86' lang='lat' dir='ltr'><strong>semper,</strong></span> <span class='ocrx_word' id='word_1_224' title='bbox 840 3979 1008 4050; x_wconf 83' lang='lat' dir='ltr'><strong>cupimusque</strong></span> <span class='ocrx_word' id='word_1_225' title='bbox 1018 3984 1125 4047; x_wconf 74' lang='lat' dir='ltr'><strong>negata.</strong></span> 
     </span>
     <span class='ocr_line' id='line_1_34' title="bbox 331 4070 1283 4158; baseline -0.003 -21"><span class='ocrx_word' id='word_1_226' title='bbox 331 4076 376 4137; x_wconf 88' lang='lat' dir='ltr'><strong>Et</strong></span> <span class='ocrx_word' id='word_1_227' title='bbox 405 4094 498 4158; x_wconf 86' lang='lat' dir='ltr'><strong>aquae</strong></span> <span class='ocrx_word' id='word_1_228' title='bbox 526 4072 657 4137; x_wconf 76' lang='lat' dir='ltr'><strong>furtivae</strong></span> <span class='ocrx_word' id='word_1_229' title='bbox 686 4071 855 4150; x_wconf 87' lang='lat' dir='ltr'><strong>dulciores,</strong></span> <span class='ocrx_word' id='word_1_230' title='bbox 886 4084 918 4137; x_wconf 90' lang='lat' dir='ltr'><strong>et</strong></span> <span class='ocrx_word' id='word_1_231' title='bbox 951 4073 1043 4158; x_wconf 88' lang='lat' dir='ltr'><strong>panis</strong></span> <span class='ocrx_word' id='word_1_232' title='bbox 1076 4070 1283 4137; x_wconf 87' lang='lat' dir='ltr'><strong>absconditus</strong></span> 
     </span>
     <span class='ocr_line' id='line_1_35' title="bbox 329 4174 1283 4262; baseline -0.004 -25"><span class='ocrx_word' id='word_1_233' title='bbox 329 4176 456 4239; x_wconf 82' lang='lat' dir='ltr'><strong>suavior</strong></span> <span class='ocrx_word' id='word_1_234' title='bbox 482 4188 540 4241; x_wconf 91' lang='lat' dir='ltr'><strong>est.</strong></span> <span class='ocrx_word' id='word_1_235' title='bbox 586 4176 631 4241; x_wconf 88' lang='lat' dir='ltr'><strong>Et</strong></span> <span class='ocrx_word' id='word_1_236' title='bbox 657 4174 789 4262; x_wconf 88' lang='lat' dir='ltr'><strong>quidem</strong></span> <span class='ocrx_word' id='word_1_237' title='bbox 817 4175 980 4262; x_wconf 83' lang='lat' dir='ltr'><strong>Phrygius</strong></span> <span class='ocrx_word' id='word_1_238' title='bbox 1006 4174 1130 4253; x_wconf 89' lang='lat' dir='ltr'><strong>modus,</strong></span> <span class='ocrx_word' id='word_1_239' title='bbox 1154 4174 1283 4238; x_wconf 87' lang='lat' dir='ltr'><strong>decreto</strong></span> 
     </span>
     <span class='ocr_line' id='line_1_36' title="bbox 327 4274 1279 4363; baseline -0.006 -22"><span class='ocrx_word' id='word_1_240' title='bbox 327 4274 605 4363; x_wconf 87' lang='lat' dir='ltr'><strong>Philosophorum,</strong></span> <span class='ocrx_word' id='word_1_241' title='bbox 625 4277 668 4343; x_wconf 88' lang='lat' dir='ltr'><strong>nh</strong></span> <span class='ocrx_word' id='word_1_242' title='bbox 682 4277 755 4343; x_wconf 87' lang='lat' dir='ltr'><strong>aula</strong></span> <span class='ocrx_word' id='word_1_243' title='bbox 776 4278 911 4342; x_wconf 83' lang='lat' dir='ltr'><strong>Graeciae</strong></span> <span class='ocrx_word' id='word_1_244' title='bbox 928 4275 996 4358; x_wconf 87' lang='lat' dir='ltr'><strong>jam</strong></span> <span class='ocrx_word' id='word_1_245' title='bbox 1016 4275 1139 4361; x_wconf 85' lang='lat' dir='ltr'><strong>pridem</strong></span> <span class='ocrx_word' id='word_1_246' title='bbox 1163 4276 1279 4337; x_wconf 79' lang='lat' dir='ltr'><strong>missus</strong></span> 
     </span>
    </p>
   </div>
   <div class='ocr_carea' id='block_1_5' title="bbox 0 0 1725 5367">
    <p class='ocr_par' dir='ltr' id='par_1_5' title="bbox 0 0 1725 5367">
     <span class='ocr_line' id='line_1_37' title="bbox 0 0 1725 5367; baseline 0 0"><span class='ocrx_word' id='word_1_247' title='bbox 0 0 1725 5367; x_wconf 95' lang='lat' dir='ltr'><strong> </strong></span> 
     </span>
    </p>
   </div>
  </div>
 </body>
</html>
