3425 5367
465 709 526 766 ‘294
705 719 844 765 consuas
860 717 1138 763 ssausuumuusrs
1288 704 1370 779 [cre.
1386 690 1423 767 vj

465 882 499 937 et
513 870 620 957 opinio
630 868 781 935 bonitatis
796 868 865 955 ejus
879 867 912 933 io
928 878 1053 934 tantum
1065 867 1242 954 praevaluit,
1257 882 1293 934 ut
1307 871 1416 939 amicis

465 972 669 1039 laudantibus
697 970 749 1036 vel
777 969 1012 1037 assentantibus
1041 970 1238 1037 occasionem
1270 974 1417 1059 magnifi-

466 1076 638 1141 centissimi
653 1083 784 1161 praestet
802 1072 951 1159 exempli.
999 1072 1100 1137 Recte
1119 1073 1268 1143 laudatur
1281 1076 1315 1141 in
1329 1076 1350 1141 J
1352 1076 1417 1143 ulio

465 1179 564 1244 animi
576 1177 763 1263 magnitudo
774 1175 893 1253 invicti,
904 1186 938 1241 et
948 1176 1087 1243 efficacia
1096 1178 1210 1263 operis,
1219 1167 1319 1265 quum
1330 1178 1416 1245 illius

466 1304 567 1359 mens,
586 1293 621 1346 et
639 1302 752 1345 manus
770 1280 812 1345 ad
831 1280 898 1345 lere
917 1279 1124 1365 impossibilia
1146 1280 1206 1345 sibi
1221 1282 1413 1351 suffecerint.

467 1385 615 1461 Quantus
637 1383 670 1447 in
694 1392 816 1447 armata
842 1380 957 1445 militia
980 1380 1085 1459 fuerit,
1109 1405 1172 1448 nou
1198 1385 1294 1449 modo
1317 1385 1415 1466 Galli,

467 1487 678 1573 Britonesque
700 1472 903 1571 primumab
926 1505 965 1549 eo
987 1484 1121 1563 subacti,
1144 1486 1200 1551 sed
1226 1498 1294 1552 tota
1315 1488 1415 1556 civilis

465 1588 541 1653 belli
564 1589 700 1665 fortuna,
723 1600 757 1653 et
779 1588 938 1653 Caesareae
959 1586 1074 1653 domus
1096 1587 1193 1653 series
1215 1601 1416 1675 protestatur.

467 1690 506 1755 In
521 1689 708 1756 litteratorio
727 1687 832 1755 studio
852 1698 960 1753 tantus
984 1699 1063 1766 erat,
1080 1699 1117 1753 ut
1136 1700 1306 1775 quaternas
1320 1692 1414 1757 simul

464 1794 599 1859 dictaret
613 1793 772 1879 epistolas.
817 1791 900 1867 Quis
919 1792 953 1855 in
968 1792 1052 1877 juris
1068 1792 1169 1857 civilis
1183 1794 1298 1879 peritia
1310 1794 1416 1876 fuerit,

464 1906 587 1959 veteres
603 1894 821 1960 Romanorum
836 1892 980 1957 indicant
994 1893 1091 1979 leges.
1137 1895 1282 1961 Patentis
1296 1895 1416 1982 ingenii

464 1996 546 2063 vires
561 2019 657 2083 quarn
668 1996 791 2082 jugiter
804 1995 837 2059 in
852 1994 1053 2082 philosophia
1066 1998 1254 2075 exercuerit,
1264 1998 1416 2083 praedicat

465 2110 498 2163 et
521 2098 644 2163 extollit
667 2098 718 2163 vel
740 2098 806 2163 sola
827 2096 970 2163 inventio
997 2098 1142 2165 Bissexti.
1188 2098 1284 2175 Quod
1308 2112 1416 2167 autem

464 2201 612 2267 omnibus
633 2200 809 2266 mirabilius
832 2214 891 2281 est,
913 2200 1085 2277 amoribus,
1108 2211 1141 2265 et
1162 2202 1297 2285 negotiis
1318 2202 1414 2270 simul

463 2325 592 2388 operam
621 2303 728 2377 dabat,
760 2315 792 2367 et
821 2303 855 2366 in
885 2302 1027 2387 singulis,
1056 2325 1131 2389 qnae
1160 2304 1414 2389 aggrediebatur,

463 2418 570 2471 tantus
584 2417 662 2482 erat,
679 2418 715 2470 ut
730 2403 775 2469 eis
789 2404 863 2469 solis
878 2426 990 2469 vacare
1013 2406 1205 2488 crederetur,
1220 2406 1315 2471 simul
1330 2418 1415 2473 totus

462 2522 531 2573 erat
552 2509 759 2593 singulorum,
775 2520 809 2573 at
830 2506 984 2573 omniurn.
1031 2508 1160 2574 Laudes
1180 2532 1255 2574 vero
1277 2510 1414 2596 Augusti

463 2622 548 2676 totus
572 2612 657 2676 orbis
679 2609 893 2687 concelebrat,
917 2622 950 2673 et
975 2609 1088 2674 Titum
1114 2634 1256 2677 amorem
1282 2612 1414 2678 humani

463 2715 599 2799 generis,
614 2737 685 2779 suas
699 2712 821 2778 scilicet
839 2711 975 2789 delitias,
987 2713 1133 2798 jucunda
1151 2712 1307 2779 memoria
1320 2737 1416 2781 vene·

464 2828 559 2882 ratur.
610 2817 681 2901 Ego
709 2816 757 2880 his
785 2814 934 2879 omnibus
964 2816 1140 2901 Trajanum
1169 2816 1319 2902 praeferre
1349 2840 1414 2883 nou

462 2921 585 2999 dubito,
607 2921 663 3008 qui
686 2920 718 2985 in
742 2918 839 2985 solius
861 2917 985 2986 virtutis
1013 2918 1114 2998 cultu,
1138 2920 1229 3005 regui
1252 2920 1415 2987 constituit

462 3024 672 3108 majestatem.
717 3021 870 3089 Ethicum
886 3021 980 3107 juxta
994 3020 1050 3108 qui
1066 3033 1152 3086 recte
1167 3023 1288 3100 lecerit,
1305 3044 1413 3109 regem

462 3124 641 3189 arbitratur.
667 3125 749 3189 Tale
764 3134 812 3196 est
826 3123 907 3189 illud
922 3124 1009 3210 quod
1024 3123 1084 3189 sub
1100 3124 1229 3192 nomina
1240 3124 1414 3191 Theodosii

463 3227 607 3313 proecipit
622 3227 836 3295 Claudianus:

568 3403 611 3456 Tu
622 3403 684 3456 licet
695 3409 825 3455 extremos
835 3402 889 3455 lata
902 3402 1031 3457 dominere
1043 3421 1089 3473 per
1102 3403 1191 3465 Indos,

567 3489 608 3541 Te
621 3490 726 3554 Medus,
737 3494 765 3541 ta
777 3487 861 3541 mollis
873 3488 969 3553 Arabs,
980 3494 1006 3540 ta
1018 3488 1095 3541 Seres
1107 3488 1223 3551 adorent,

568 3574 597 3625 Si
608 3575 712 3638 metuis,
725 3576 748 3625 si
759 3591 838 3644 prava
849 3574 930 3645 cupis,
942 3574 965 3626 ei
977 3574 1078 3625 duceris
1089 3574 1137 3637 ira,

569 3658 673 3710 Servilii
683 3659 782 3729 patiere
790 3659 894 3729 jugum,
905 3658 1027 3711 tolerabis
1038 3658 1141 3727 iniquas

568 3742 681 3796 interius
691 3743 775 3811 leges,
786 3749 847 3798 tuno
859 3744 945 3797 omnia
952 3743 1012 3814 jure
1023 3744 1127 3797 tenebis

567 3829 656 3892 Quum
666 3830 764 3902 poteris
774 3846 822 3884 rex
833 3846 890 3883 esse
901 3830 952 3881 tui:
971 3828 1105 3901 proclivior
1115 3848 1177 3885 usus

567 3917 601 3969 ln
611 3918 700 3989 pejora
712 3916 796 3980 datrrr,
808 3917 950 3984 suadetque
961 3915 1069 3969 licentia
1081 3916 1181 3981 luxum,

568 4001 752 4069 illecebrisque
764 4001 863 4054 effrena
873 4000 953 4065 lavet,
965 4006 1025 4053 tunc
1037 4001 1122 4054 vivere
1133 4006 1203 4053 caste

567 4088 703 4157 Asperius,
714 4106 793 4155 quum
804 4092 923 4159 prompta
935 4086 1041 4140 Venus:
1060 4091 1116 4137 tum
1128 4086 1216 4137 durius
1227 4086 1273 4137 irae

566 4170 724 4238 Consulitur,
736 4190 814 4240 quum
824 4190 903 4245 poeua
913 4175 1003 4243 patet:
1021 4170 1068 4223 scd
1079 4170 1216 4241 comprime
1227 4176 1322 4236 motus,

567 4256 624 4309 Nec
636 4258 684 4311 tibi
696 4259 759 4328 quid
770 4258 857 4324 liceat,
870 4258 917 4311 sed
928 4257 990 4326 quid
1002 4254 1095 4309 fecisse
1107 4256 1211 4309 decebit

564 4343 699 4412 Occurrat,
712 4352 878 4416 mentemque
891 4346 979 4397 domet
991 4349 1121 4416 respectus
1132 4344 1244 4399 honesti.
