3425 5367
472 712 538 775 306
735 723 874 768 scansis
890 723 1169 769 sannsssarnusrs
1306 708 1388 791 [nm.
1404 726 1437 771 v.

474 868 616 943 retineri.
661 870 742 948 Quis
761 886 811 937 est
832 874 917 937 enim
940 874 993 939 cui
1012 876 1167 941 virtutem
1189 897 1254 939 non
1269 875 1439 941 excutiant

477 972 645 1043 curialium
659 975 779 1057 nugae?
814 974 896 1049 Quis
913 986 961 1037 est
983 986 1105 1049 tantus,
1121 974 1192 1060 quis
1215 987 1283 1039 tam
1304 974 1438 1053 solidus,

477 1090 517 1143 ut
539 1070 697 1158 corrumpi
722 1094 786 1135 non
813 1074 940 1159 possit?
980 1074 1132 1160 Optimus
1158 1088 1208 1139 est
1235 1079 1294 1162 qui
1320 1075 1439 1141 resistit

478 1178 613 1253 diutius,
627 1176 684 1258 qui
703 1172 854 1251 validius,
870 1176 926 1259 qui
949 1176 1170 1262 corrumpitur
1189 1178 1306 1241 minus.
1352 1177 1438 1241 Nam

478 1292 518 1345 ut
532 1279 574 1343 sit
589 1276 692 1339 virtus
708 1274 888 1357 incolumis,
902 1300 921 1340 a
936 1276 1106 1343 curialium
1125 1278 1193 1343 vita
1212 1278 1438 1343 divertendum

479 1395 538 1447 est.
571 1376 720 1457 Provide,
730 1378 878 1463 quisquis
892 1379 952 1443 hoc
963 1378 1094 1457 dixerit,
1105 1392 1138 1444 et
1149 1380 1325 1466 prudenter
1339 1383 1439 1445 euriae

480 1496 629 1548 naturam
649 1482 823 1565 expressit:

900 1602 979 1649 exeat
990 1596 1059 1661 aula,

727 1682 782 1745 Qui
793 1682 994 1754 rultessepius.

483 1788 581 1853 Unde
602 1786 764 1873 eleganter
785 1786 860 1851 fons
881 1786 1044 1862 Salmacis,
1066 1788 1199 1852 infamia
1222 1788 1368 1853 molliciei
1391 1788 1438 1866 inf

483 1892 594 1977 signis,
615 1889 717 1955 eidem
740 1901 954 1975 comparatur.
999 1890 1049 1954 Ut
1072 1890 1156 1955 enim
1179 1891 1212 1953 in
1234 1890 1356 1957 sabulis
1376 1904 1438 1967 est,

482 1992 571 2057 unda
591 1989 679 2055 illius
698 2003 830 2077 aspectu
851 1990 967 2054 decora
988 2004 1049 2071 est,
1069 2011 1171 2077 gustu
1195 1992 1310 2072 dulcis,
1332 1992 1439 2057 suavis

482 2107 584 2167 tactu,
598 2107 630 2158 et
646 2092 786 2155 omnium
808 2114 958 2155 sensuum
981 2116 1040 2157 usu
1058 2094 1253 2179 gratissima,
1269 2095 1325 2158 sed
1346 2106 1438 2159 tanta

482 2195 618 2260 mollicie
632 2193 846 2279 ingredientes
865 2208 1006 2271 enervat,
1023 2207 1060 2259 ut
1083 2197 1160 2261 viris
1180 2196 1369 2261 effeminatis
1381 2220 1439 2260 no·

481 2296 626 2361 biliorem
639 2294 759 2359 adimat
768 2318 899 2368 sexum3
926 2316 984 2360 nec
996 2308 1071 2359 ante
1082 2297 1251 2382 quisquam
1264 2296 1439 2383 egreditur,

483 2420 581 2485 quam
597 2408 725 2484 stupeat
739 2408 772 2460 et
787 2396 894 2461 doleat
910 2420 942 2461 se
957 2410 1118 2462 mutatum
1135 2420 1205 2462 esse
1223 2403 1257 2464 in
1277 2399 1437 2463 feminam.

483 2504 555 2566 Aut
576 2500 660 2565 enim
681 2498 795 2563 cedens
814 2499 944 2562 omnino
966 2502 1063 2564 sexus
1083 2502 1115 2564 in
1137 2500 1323 2565 deteriorem
1343 2502 1438 2585 dege-

482 2614 585 2682 nerat,
599 2615 655 2667 aut
678 2600 793 2665 veteris
814 2600 981 2685 dignitatis
1002 2600 1111 2686 aliquo
1131 2616 1278 2667 manente
1293 2603 1438 2688 vestigio,

482 2703 780 2791 hermaphroditum
810 2704 929 2783 induit,
959 2703 1016 2789 qui
1047 2704 1189 2789 quodam
1225 2704 1438 2792 delinquentis

483 2819 608 2872 natura
631 2804 782 2879 ludibrio,
809 2810 854 2871 sic
880 2807 1050 2891 utriusque
1076 2828 1172 2870 sexus
1196 2820 1336 2873 ostentat
1361 2808 1439 2872 ima-

483 2910 601 2996 ginem,
624 2923 663 2974 ut
684 2910 831 2973 neutrius
852 2910 986 2974 retineat
1010 2912 1188 2975 veritatem.
1234 2912 1307 2975 Hac
1332 2924 1438 2976 autem

483 3011 600 3097 poetici
621 3012 707 3075 nube
728 3011 872 3095 figmenti
895 3032 1053 3096 nugarum
1076 3010 1246 3076 curialium
1269 3036 1440 3098 repraesen-

483 3125 574 3179 tatur
587 3113 705 3197 imago,
721 3137 796 3198 quae
812 3113 896 3176 viros
910 3114 1035 3199 abjecta
1050 3113 1171 3177 virtute
1188 3114 1366 3189 emolliunt,
1382 3129 1439 3180 aut

484 3217 615 3283 virtutis
635 3213 774 3301 imagine
796 3227 919 3279 retenta
941 3226 1139 3301 pervertunt.
1185 3216 1250 3292 Qui
1271 3216 1440 3281 curialium

485 3318 622 3404 ineptias
642 3317 758 3399 induit,
779 3332 812 3383 et
833 3316 1026 3404 philosophi,
1049 3317 1098 3381 vel
1120 3318 1195 3383 boni
1219 3321 1277 3383 riri
1298 3318 1440 3383 officium

485 3419 665 3505 pollicetur,
691 3421 986 3507 Hermaphroditus
1012 3433 1071 3497 est,
1098 3420 1154 3506 qui
1180 3421 1262 3485 duro
1286 3420 1380 3485 vultu
1406 3434 1439 3487 et

485 3521 614 3605 hispido
639 3522 823 3586 muliebrem
853 3522 1005 3607 deturpat
1035 3534 1245 3600 venustatem,
1265 3537 1303 3590 ,et
1332 3524 1440 3588 virum

486 3621 698 3685 muliebribus
712 3622 841 3705 polluit,
856 3637 888 3687 et
911 3622 1054 3688 incestat.
1099 3626 1165 3688 Res
1179 3624 1336 3710 siquidem
1352 3646 1440 3689 mon-

486 3734 610 3785 struosa
630 3735 689 3802 est,
705 3722 919 3809 Philosophus
940 3726 1087 3789 curialis:
1116 3739 1148 3790 et
1170 3726 1246 3791 dum
1266 3740 1439 3812 utrumque

485 3846 552 3888 esse
567 3824 705 3901 affectat,
717 3837 867 3889 neutrum
880 3840 941 3903 est,
952 3849 989 3889 eo
1001 3824 1090 3912 quod
1103 3828 1191 3892 curia
1208 3828 1437 3914 philosophiam

485 3927 639 4005 excludit,
651 3941 683 3992 et
694 3928 831 4013 ineptias
841 3928 975 3993 curiales
984 3927 1195 4015 philosophus
1207 3952 1440 4016 usquequaque

485 4049 548 4091 non
559 4029 679 4113 recipit.
717 4034 792 4093 Nou
804 4041 910 4096 tamen
922 4030 962 4094 ad
975 4052 1099 4094 omnem
1112 4031 1232 4094 curiam
1242 4034 1440 4117 comparatio

485 4128 608 4203 transit,
632 4129 686 4193 sed
709 4130 750 4193 ad
772 4130 859 4197 illam
882 4134 1051 4209 duntaxat,
1075 4155 1148 4216 qum
1170 4131 1349 4219 insipientis
1375 4134 1441 4197 dis·

486 4243 683 4316 temperatur
709 4231 851 4301 arbitrio.
898 4234 961 4312 Qui
988 4233 1070 4298 enim
1100 4234 1225 4320 sapiens
1251 4249 1311 4313 est,
1337 4258 1439 4319 nugas

482 4333 595 4419 abigit,
620 4335 780 4420 componit
806 4337 948 4417 domum,
971 4349 1002 4400 et
1031 4337 1177 4403 universa
1199 4337 1286 4403 illius
1309 4338 1438 4422 subjicit
