3425 5367
440 684 450 695 ’
497 700 560 758 308
760 716 898 761 Josnurs
914 714 1190 761 senosannrausrs
1323 697 1406 777 [ors.
1422 721 1457 765 v.

492 862 635 950 judicem
657 865 781 950 populi,
800 866 845 929 sic
866 876 897 930 et
919 866 1056 930 ministri
1076 866 1157 952 ejus,
1171 877 1204 931 et
1225 865 1330 951 qualis
1350 880 1455 933 rector

498 976 545 1027 est
560 964 711 1041 civitatis,
727 965 808 1030 tales
822 979 854 1030 et
870 966 1087 1031 inhabitantes
1102 967 1134 1031 in
1150 990 1197 1032 ea.
1242 969 1307 1033 Sed
1322 981 1354 1033 et
1372 970 1456 1034 vires

495 1070 687 1131 necessarias
712 1091 790 1145 esse,
816 1092 880 1132 non
907 1069 1018 1146 tacuit,
1040 1070 1167 1133 dicens:
1207 1068 1283 1133 Noli
1310 1094 1455 1155 quoerere

493 1166 597 1253 judex
612 1167 692 1248 fieri,
707 1169 767 1233 nisi
787 1169 895 1235 valeas
915 1170 1036 1235 virtute
1056 1174 1233 1257 irrumpere
1252 1170 1453 1257 iniquitates,

497 1268 629 1333 neforte
638 1270 827 1337 extimescas
837 1270 949 1334 faciem
960 1272 1150 1356 potentis,et
1160 1293 1259 1357 ponas
1269 1272 1454 1339 scandalum

496 1370 530 1433 in
545 1369 687 1453 agilitate
703 1384 768 1437 tua.
809 1376 885 1437 Non
901 1394 1014 1457 pecces
1029 1373 1062 1436 in
1078 1372 1286 1437 multitudine
1301 1374 1452 1452 civitatis,

497 1495 555 1536 nec
576 1485 608 1537 te
629 1471 783 1538 immittas
804 1474 837 1537 in
860 1477 1030 1560 populum,
1053 1497 1157 1560 neque
1179 1473 1290 1558 alliges
1310 1474 1453 1561 duplicia

496 1587 637 1661 peccata,
650 1597 709 1639 nec
722 1576 807 1639 enim
821 1576 854 1639 in
868 1598 932 1640 uno
947 1575 1009 1639 eris
1023 1575 1184 1642 immunis.
1229 1575 1304 1639 Noli
1316 1598 1382 1640 esse
1394 1600 1454 1663 pu-

496 1675 659 1741 sillanimis
669 1676 701 1740 in
717 1677 821 1743 anima
835 1691 904 1754 tua,
916 1700 1047 1741 exorare
1057 1689 1089 1742 et
1105 1678 1207 1741 faeere
1218 1678 1449 1764 eleemosynam

496 1801 559 1842 non
585 1778 749 1864 despicias.
795 1780 845 1843 Ne
871 1780 960 1845 dicas
986 1779 1018 1842 in
1047 1778 1254 1843 multitudiue
1279 1802 1449 1845 munerum

496 1900 642 1943 meorum
656 1882 804 1965 respiciet
820 1884 921 1957 Deus,
934 1894 965 1945 et
981 1880 1132 1945 offerente
1147 1903 1197 1944 me
1214 1884 1284 1945 Deo
1299 1880 1453 1947 altissimo

498 2005 631 2045 munera
656 2005 727 2046 mea
754 1985 916 2069 suscipiet.
968 1984 1042 2049 Non
1076 1983 1209 2048 irrideas
1233 1984 1392 2048 hominem
1418 1986 1451 2049 in

498 2082 711 2147 amaritudine
730 2085 856 2164 animae,
871 2098 918 2149 est
937 2084 1019 2149 enim
1044 2085 1098 2171 qui
1118 2084 1265 2151 humiliat
1281 2098 1312 2149 et
1333 2085 1453 2152 exaltat

496 2184 742 2269 circumspector
773 2188 871 2252 Deus.
917 2190 971 2251 Ex
1003 2186 1053 2250 his
1082 2186 1229 2269 diligenti
1258 2180 1369 2251 lectori
1399 2212 1453 2254 oc·

496 2297 614 2363 curret,
626 2287 712 2371 quod
723 2287 872 2354 voluntas
887 2288 962 2352 boni
974 2311 1037 2352 non
1049 2289 1154 2352 minus
1165 2286 1267 2374 judici
1278 2291 1453 2355 necessaria

497 2398 555 2463 est,
580 2409 676 2471 quam
700 2390 825 2468 notitia,
847 2390 899 2453 vel
913 2402 1066 2477 potestas,
1091 2411 1190 2474 quum
1206 2408 1268 2453 non
1297 2388 1391 2453 modo
1411 2391 1452 2455 de

498 2485 575 2565 suis,
587 2486 642 2550 sed
658 2510 697 2551 ex
709 2488 820 2553 alienis
830 2490 955 2555 delictis
970 2502 1129 2567 teneatur,
1141 2500 1173 2553 et
1185 2487 1306 2575 duplici
1321 2509 1452 2554 suorum

497 2599 529 2651 et
542 2587 676 2653 aliorum
692 2603 857 2676 prematur
872 2614 978 2668 onere,
993 2604 1031 2655 ut
1047 2590 1148 2654 necin
1165 2589 1371 2655 multitudine
1385 2614 1454 2657 mu·

496 2710 609 2753 nerum
629 2690 709 2755 citra
726 2692 915 2755 munditiam
938 2690 1114 2755 voluntatis
1136 2688 1176 2755 sit
1199 2688 1228 2752 ei
1248 2687 1366 2753 fiducia
1380 2703 1452 2755 ante

497 2792 614 2855 Deum.
660 2791 757 2856 Unde
776 2805 808 2855 et
830 2791 924 2855 Plato
939 2791 1067 2877 egregie
1082 2790 1212 2875 quidem
1227 2802 1260 2854 et
1276 2790 1451 2857 luculenter

500 2892 540 2974 (si
561 2904 665 2955 tamen
688 2893 850 2975 audiatur)
872 2916 937 2969 eos,
957 2893 1014 2979 qui
1036 2892 1077 2956 de
1101 2891 1289 2976 reipublicae
1313 2892 1452 2978 gerendo

497 2992 685 3077 magistratu
701 2995 909 3069 contendunt,
925 2999 971 3059 ita
985 2994 1069 3060 inter
1085 3016 1117 3057 se
1140 2994 1260 3057 versari
1276 2994 1399 3071 asserit,
1415 3007 1452 3059 ut

497 3096 524 3158 si
535 3106 643 3159 nautae
655 3096 715 3160 sub
726 3095 862 3159 adversa
873 3108 1062 3182 tempestate
1074 3094 1249 3169 decertent,
1259 3098 1332 3181 quis
1343 3118 1451 3159 eorum

497 3194 697 3280 potissimum
717 3196 832 3260 debeat
850 3196 1041 3281 gubernare.
1089 3194 1129 3257 In
1155 3216 1221 3279 quo
1236 3195 1374 3258 fortunae
1390 3194 1452 3258 cal-

498 3297 581 3373 culo,
602 3310 659 3363 aut
679 3299 798 3380 nullus,
818 3312 874 3364 aut
896 3320 998 3377 rarus,
1012 3296 1161 3382 idemque
1186 3295 1369 3360 temerarius
1391 3310 1451 3371 est,

499 3400 556 3485 qui
571 3400 637 3465 sine
652 3414 720 3467 arte
734 3415 765 3466 et
782 3401 903 3466 viribus
918 3398 1065 3464 vendicet
1080 3397 1310 3481 magistratum.
1357 3396 1403 3461 Et
1420 3398 1450 3461 in

498 3523 536 3563 eo
551 3502 680 3586 quidem
702 3515 844 3585 tempore
865 3501 944 3565 nihil
966 3498 1175 3565 miserabilius
1193 3496 1271 3577 vidi,
1285 3519 1384 3582 quam
1395 3499 1450 3582 ju·

498 3600 584 3666 dices
606 3604 744 3669 scientioe
765 3605 844 3688 legis
866 3605 1004 3690 ignaros,
1023 3603 1115 3668 bonae
1135 3598 1308 3667 voluntatis
1330 3598 1451 3679 inanes,

498 3726 578 3789 quos
593 3704 751 3771 convincit
766 3728 854 3769 amor
870 3726 1038 3771 munerum
1054 3717 1086 3768 et
1101 3703 1360 3781 retributionum,
1375 3715 1407 3767 et
1418 3702 1451 3767 id

498 3808 614 3870 virium
631 3806 716 3893 quod
738 3806 857 3871 habent
876 3807 907 3870 in
930 3805 1084 3892 obsequio
1099 3805 1253 3879 avaritiae,
1273 3801 1450 3889 jactantiae,

499 3920 553 3971 ant
576 3908 678 3972 carnis
703 3921 735 3972 et
762 3908 924 3993 sanguinis
949 3918 1142 3980 exercentes,
1165 3918 1198 3968 et
1223 3926 1242 3966 a
1268 3902 1452 3967 necessitate

499 4009 685 4071 sacramenti
705 4008 839 4091 legitimi
860 4007 1033 4072 absolutos.
1078 4005 1131 4067 Ex
1152 4026 1216 4088 quo
1236 4001 1367 4087 planum
1390 4016 1450 4079 est,

499 4103 1448 4196 principesquieisordinariamjurisdictionemcontulerunt,

493 4210 576 4293 juris
597 4232 664 4274 esse
688 4212 815 4297 ignaros
841 4215 892 4276 vel
916 4218 1158 4293 contemptores.
1205 4204 1267 4269 Sed
1293 4204 1449 4291 quicquid

498 4322 538 4386 de
560 4313 674 4400 peritia
690 4314 774 4399 juris
796 4314 948 4391 dicamus,
971 4323 1027 4376 aut
1049 4309 1089 4373 de
1112 4308 1235 4372 viribus
1257 4304 1446 4393 exequendi,
