3425 5367
333 719 401 765 cae.
419 702 467 781 x.]
686 720 938 765 ronrcasmcus.
1217 708 1275 766 301

332 867 443 944 cuerit,
454 891 513 955 pro
525 892 640 957 magno
651 886 774 957 reputa.
807 871 840 935 Si
852 870 1034 935 schedulam
1048 893 1109 934 non
1121 870 1279 947 attuleris,

330 969 451 1035 frustra
471 972 609 1037 accedes.
657 973 688 1037 Si
710 992 818 1038 autem
838 972 997 1053 attuleris,
1012 972 1134 1037 inutilis
1148 988 1207 1053 est,
1224 996 1279 1037 nec

330 1073 509 1158 acquiescet
525 1089 561 1139 ut
576 1097 689 1139 manus
703 1074 821 1140 nobilis
840 1074 919 1139 vitio
940 1076 1131 1141 membrana
1146 1076 1281 1159 degene-

332 1186 390 1237 ret.
421 1174 509 1249 Quid
526 1179 651 1240 multa?
676 1179 772 1241 Suam
784 1198 907 1239 necesse
920 1190 967 1241 est
982 1176 1168 1263 comparari,
1178 1200 1279 1264 quum

333 1296 390 1337 nec
410 1298 518 1361 opera,
533 1300 592 1341 nec
611 1277 763 1355 calamus,
783 1291 840 1342 aut
861 1278 998 1364 sepiolae,
1012 1292 1068 1345 aut
1090 1279 1191 1364 nigrae
1210 1279 1280 1343 loli-

328 1374 412 1456 ginis
438 1398 563 1453 succus,
590 1377 649 1441 tibi
676 1390 797 1441 constet
827 1378 1001 1465 inemptus.
1047 1379 1108 1443 Sed
1136 1393 1168 1444 et
1194 1380 1280 1465 ipsas

330 1474 478 1560 syllabas,
491 1489 524 1543 et
537 1478 653 1565 apices,
667 1478 727 1543 nisi
742 1500 815 1541 eum
832 1478 891 1543 tibi
907 1478 1081 1565 propitium
1098 1480 1220 1557 feceris,
1235 1481 1298 1549 sic,

332 1576 555 1664 distorquebit,
576 1589 623 1645 tot
645 1580 704 1645 tibi
727 1580 895 1645 verborum
915 1594 1012 1665 ponet
1034 1581 1221 1664 tendiculas,
1243 1596 1279 1649 ut

330 1702 390 1765 pro
410 1705 489 1768 pace
512 1683 642 1761 bellurn,
665 1706 723 1769 pro
745 1683 853 1769 quiete
875 1682 1028 1767 ligitium,
1048 1685 1141 1749 amici
1162 1685 1280 1753 instru-

330 1800 439 1847 mento
465 1784 611 1851 videatur
636 1786 816 1851 inscribere.
864 1786 897 1849 Si
922 1785 1086 1871 cingulum
1111 1788 1194 1853 forte
1221 1788 1279 1855 tibi

332 1888 495 1950 venustius
513 1887 621 1965 fuerit,
637 1890 663 1953 si
683 1888 865 1951 incisorium
885 1886 1002 1973 aptius,
1017 1885 1042 1949 si
1063 1887 1143 1973 quid
1166 1886 1198 1951 in
1221 1890 1278 1954 mi·

330 1998 411 2049 nuta
436 1986 625 2073 supellectili
653 1988 828 2064 decentius,
854 1986 951 2050 rebus
977 1987 1047 2071 ejus
1076 2008 1278 2065 connumera,

331 2084 389 2149 nisi
406 2086 464 2149 tibi
480 2086 582 2172 perire
598 2087 675 2152 velis
689 2109 829 2175 operam,
842 2098 874 2150 et
888 2085 1073 2172 impensam.
1112 2090 1181 2153 Aut
1194 2090 1276 2153 enirn

330 2186 478 2269 precibus
491 2188 749 2275 extorquebitur,
760 2202 816 2253 aut
832 2209 885 2251 eas
896 2185 1086 2253 liberalitate
1094 2190 1279 2275 praevenies.

332 2287 478 2353 Tandem
499 2289 619 2374 pileum
645 2289 866 2376 qualecunque
886 2288 937 2362 sit,
960 2289 1138 2371 asportabit
1158 2290 1280 2357 amicus

331 2387 363 2451 in
383 2390 565 2453 memoriam
585 2391 644 2455 tui.
687 2394 760 2457 Jam
776 2412 796 2453 a
814 2390 913 2453 Cosso
932 2386 1118 2471 digrederis,
1141 2389 1194 2453 sed
1219 2392 1278 2457 tibi

330 2490 412 2574 ignis
433 2494 638 2575 purgatorius
662 2490 816 2567 imminet,
841 2502 984 2576 superest
1008 2488 1154 2565 Veiento,
1181 2514 1278 2576 quem

331 2590 434 2655 multa
448 2590 631 2656 sollicitabis
650 2590 812 2670 instantis,
826 2602 860 2653 et
879 2612 994 2672 magno
1009 2588 1143 2653 artificio
1156 2605 1279 2676 gestus,

331 2714 474 2777 precum,
492 2706 524 2757 et
546 2716 727 2774 munerum,
746 2706 784 2759 ut
807 2706 840 2756 te
859 2692 966 2757 clauso
986 2690 1101 2755 labello
1121 2693 1280 2779 respiciat.

334 2796 429 2859 Tunc
454 2794 495 2858 de
520 2795 653 2882 singulis
678 2796 783 2860 verbis
807 2794 840 2859 in
867 2791 1032 2859 consilium
1059 2793 1137 2871 itur,
1160 2793 1279 2861 delibe-

331 2896 447 2961 rationi
457 2897 675 2983 praecribitur
683 2909 819 2984 tempus,
827 2908 861 2962 et
872 2896 977 2982 apices
986 2894 1102 2981 singuli
1114 2908 1279 2982 ponuntur

329 2998 363 3063 in
378 3009 507 3063 statera.
551 2999 621 3065 Nisi
641 3022 713 3065 eum
736 2996 961 3085 praemulseris,
977 3006 1121 3061 occurret
1135 2997 1193 3061 tibi
1214 3019 1278 3063 non

330 3100 468 3165 fideliter
482 3104 526 3167 rei
541 3115 641 3187 gesta·
655 3114 807 3187 concepta
821 3100 928 3178 series,
943 3111 1000 3163 aut
1023 3098 1127 3185 stylus
1141 3098 1280 3165 incultus

330 3203 444 3279 oberit,
462 3217 519 3269 aut
539 3228 559 3269 a
579 3204 707 3290 publica
726 3204 828 3267 forms
850 3199 965 3267 notarii
986 3200 1034 3265 rel
1057 3200 1211 3267 scriniarii
1230 3202 1279 3267 di·

331 3317 455 3369 vertens
479 3306 667 3392 benignitas,
688 3321 746 3370 sut
771 3302 965 3389 negligentia
986 3302 1082 3389 juris,
1104 3315 1137 3369 et
1163 3302 1280 3390 aliquis

330 3430 453 3493 semper
478 3409 583 3473 nodus
607 3412 741 3495 pecunia
768 3407 893 3473 vindice
919 3404 1086 3491 indigebit.
1132 3407 1181 3471 Ut
1207 3428 1280 3471 vero

330 3509 494 3574 minimum
511 3511 619 3588 loedst,
634 3515 730 3597 longa
742 3508 962 3597 expectatione
978 3508 1185 3594 torqueberis,
1201 3508 1278 3573 dum

331 3610 479 3676 differtur
492 3612 579 3699 quod
595 3612 704 3696 negari
726 3634 789 3675 nnn
806 3623 921 3697 potest.
965 3611 1112 3695 Experto
1127 3608 1231 3687 crede,
1246 3610 1279 3673 in

331 3734 445 3775 manus
458 3734 569 3778 eorum
591 3713 703 3777 millies
724 3711 833 3791 incidi,
846 3723 878 3773 et
902 3720 938 3773 ut
960 3707 1084 3793 aliquid
1106 3706 1148 3771 de
1162 3708 1280 3773 fabulis

332 3828 526 3895 mrttuemur,
541 3816 679 3900 portitor
698 3813 830 3879 immitis
853 3810 993 3887 Charon,
1009 3810 1066 3894 qui
1086 3811 1205 3873 nemini
1226 3833 1282 3895 pe·

331 3917 434 4001 percit
457 3939 610 4003 unquam,
624 3917 694 3982 istis
712 3915 805 4001 longe
824 3909 1008 3977 clementior
1026 3921 1082 3975 est.
1128 3908 1219 3996 Stipe
1241 3912 1281 3975 si-

331 4018 471 4103 quidem,
487 4018 538 4083 vel
553 4018 668 4083 triente
682 4016 761 4081 solet
775 4036 842 4079 esse
856 4022 1034 4077 contentus.
1071 4012 1114 4075 At
1129 4009 1182 4075 isti
1197 4034 1281 4079 asses

332 4120 472 4203 integros
487 4119 545 4185 sibi
563 4119 768 4205 multiplicari
778 4116 906 4203 jubent·
944 4112 1007 4181 Sed
1023 4111 1176 4199 quidest,
1193 4116 1281 4201 quod

331 4222 418 4307 apud
428 4222 674 4289 curialesomnia
684 4241 876 4308 queroresse
887 4215 1127 4303 venalia,quum
1137 4238 1174 4281 ea
1184 4218 1279 4283 ctiam

226 4302 233 4315 .
331 4354 406 4419 quas
430 4352 492 4394 non
517 4341 601 4407 sunt,
626 4344 730 4389 rerum
759 4320 877 4385 scilicet
902 4316 1105 4402 privationes,
1132 4317 1281 4383 venalitio
