3425 5367
441 703 482 764 88
698 717 834 762 roaurns
849 713 1125 762 muasauarausrs
1261 696 1343 775 [nm.
1360 717 1397 761 11.

444 867 534 952 sigua
548 867 731 954 frequenter
748 868 870 944 eadem,
886 869 918 932 in
933 891 971 932 eo
987 868 1035 931 vel
1057 870 1194 931 maxime
1208 887 1261 930 ars
1275 868 1398 953 conjec-

443 969 521 1033 toris
534 982 677 1055 apparet,
693 971 719 1033 si
734 971 795 1035 sub
809 970 977 1035 identitate
992 969 1167 1055 signorum,
1178 967 1396 1034 diversitatem

442 1093 546 1136 rerum
576 1084 670 1136 cauta
699 1071 889 1136 discretione
918 1071 1099 1156 distinguit.
1152 1072 1235 1136 Haec
1264 1070 1394 1157 quidem

440 1171 599 1254 generalia
614 1185 698 1236 sunt.
737 1176 819 1248 Quae
835 1195 909 1236 vero
924 1186 999 1237 sunt
1014 1171 1163 1259 specialia
1183 1172 1394 1256 singulorum,

441 1272 537 1337 latius
552 1283 671 1359 patent.
718 1275 789 1338 Non
811 1287 916 1339 tamen
937 1273 1194 1360 praetereundum
1216 1287 1275 1354 est,
1289 1273 1395 1357 signo·

442 1395 512 1436 rum
542 1374 617 1455 vim,
643 1397 702 1461 pro
728 1374 883 1460 qualitate
912 1397 1128 1462 personarum,
1155 1374 1315 1439 saeviorem
1341 1386 1397 1438 aut

440 1475 597 1540 mitiorem
618 1501 694 1542 esse.
741 1479 888 1542 Pecuniae
909 1477 1065 1564 siquidem
1088 1478 1308 1554 contrectatio,
1323 1476 1393 1542 aliia

439 1575 560 1655 tetum,
577 1578 699 1643 tristem
719 1579 789 1645 aliis
810 1593 960 1645 eventum
983 1579 1163 1646 denunciat.
1202 1581 1254 1643 Sic
1269 1603 1309 1645 ex
1329 1602 1391 1642 non

437 1680 665 1765 apparentibus
682 1682 785 1746 causis
800 1683 930 1768 inopina
945 1683 1074 1746 Veneris
1095 1681 1266 1768 praeseutia
1280 1680 1392 1744 amari-

437 1780 582 1846 tudinem
611 1784 749 1850 sortunae
778 1784 977 1870 frequentius
1006 1784 1132 1869 ingerit.
1187 1785 1280 1851 Unde
1309 1782 1390 1847 illud

438 1883 634 1970 Hypsipyles
650 1886 878 1950 Archemorum
895 1885 1034 1972 lugentis
1049 1890 1226 1951 extinctum

680 2011 821 2081 Nunquam
832 2014 937 2084 impune
948 2030 995 2083 per
1005 2013 1110 2065 umbras

541 2097 670 2149 Attonitae
681 2098 744 2149 mihi
756 2099 811 2150 visa
822 2098 925 2152 Venus.

437 2205 470 2272 Si
482 2207 564 2272 enim
576 2232 616 2273 ex
627 2209 767 2296 reliqniis
776 2209 1017 2295 cogitationum,
1026 2224 1082 2276 aut
1096 2212 1220 2276 Cereris
1234 2211 1387 2276 Bacchiae

434 2311 571 2375 stimulis
592 2313 724 2378 incitata
747 2312 856 2378 Venus
876 2326 1034 2391 occurrat,
1049 2313 1275 2379 insomniorum
1301 2315 1387 2378 vani-

434 2415 492 2478 tati
505 2413 619 2478 rectins
630 2413 856 2501 applicabitur,
866 2437 941 2501 quae
951 2415 1057 2479 omnia
1068 2417 1282 2503 conjectorum
1295 2416 1389 2480 disci-

433 2515 530 2602 plina,
545 2519 636 2602 quasi
652 2539 733 2580 vana
747 2516 932 2598 contemnit,
941 2516 1039 2602 juxta
1053 2517 1134 2581 illud
1150 2517 1211 2581 viri
1227 2517 1384 2604 sapientis,

537 2625 643 2678 Somnia
653 2644 687 2679 ne
699 2643 781 2692 aurea,
792 2644 853 2679 nam
866 2643 939 2680 mana
949 2627 1073 2692 humana,
1085 2628 1153 2696 quod
1164 2633 1246 2699 optat,

537 2711 609 2763 Dum
619 2711 721 2779 vigilat,
733 2717 829 2784 sperat,
841 2728 887 2783 per
898 2729 1017 2765 somnum
1028 2714 1110 2765 oemit
1121 2712 1149 2764 id
1160 2714 1254 2784 ipsum.

435 2805 599 2871 luterdum
625 2820 729 2872 tamen
756 2823 788 2875 et
811 2831 869 2895 per
891 2809 1063 2874 antithesin
1087 2831 1204 2884 rerum,
1226 2807 1387 2894 sequenda

434 2921 510 2972 sunt
534 2909 678 2973 veritatis
700 2910 845 2996 vestigia,
862 2911 944 2973 sicut
967 2931 1067 2994 quum
1092 2910 1215 2996 Magno
1237 2911 1389 2994 Pompeio

430 3010 524 3073 ruina
538 3010 726 3085 immineret,
739 3011 896 3074 contraria
912 3011 988 3072 visis
1003 3010 1174 3075 vaticinata
1189 3014 1292 3097 quies,
1303 3008 1382 3074 laeti-

429 3111 570 3196 tiamque
581 3111 678 3186 urbis,
691 3109 801 3196 populi
818 3108 1025 3193 tripudiantis
1036 3111 1204 3194 praeconia,
1219 3111 1380 3195 plausum·

428 3233 491 3297 quc
517 3210 632 3274 theatri
655 3211 714 3288 sui,
735 3211 825 3296 quasi
848 3233 883 3272 re
905 3209 1005 3273 totius
1031 3209 1155 3294 imperii
1178 3211 1258 3273 bene
1279 3225 1381 3292 gesta,

427 3315 557 3377 fortuna
571 3313 705 3399 perituri
726 3311 819 3377 ducis
834 3312 934 3376 oculis
948 3312 1123 3397 ingerebat.
1169 3311 1235 3373 Res
1249 3331 1386 3396 quoque·

430 3438 504 3503 quae
519 3417 624 3504 turpis
639 3430 671 3483 et
686 3417 833 3482 obscaena
847 3430 895 3480 est
909 3416 942 3478 in
960 3411 1137 3500 superficie,
1152 3411 1383 3477 honestissimae

432 3517 576 3584 veritatis
592 3518 784 3602 quandoque
808 3516 1016 3581 substantiam
1033 3514 1123 3597 tegit.
1169 3516 1205 3579 C.
1223 3515 1331 3578 Caesar
1352 3517 1386 3580 in

428 3620 542 3682 minori
558 3631 652 3682 aetate
667 3618 699 3680 in
715 3617 831 3680 somnis
846 3616 907 3681 sibi
927 3618 1014 3680 visus
1028 3628 1076 3678 est
1098 3615 1209 3680 matris
1230 3619 1382 3681 incestare

426 3717 585 3793 cubicula,
592 3732 623 3782 et
634 3717 834 3804 turpitudine
846 3717 968 3804 soporis
979 3717 1145 3794 attonitus,
1153 3740 1253 3803 quum
1265 3741 1330 3783 rem
1338 3720 1380 3784 ad

425 3820 663 3885 mathematicos
677 3819 846 3896 retulisset,
860 3820 1038 3885 universam
1055 3831 1171 3883 terram
1184 3819 1299 3885 ditioni
1310 3821 1379 3906 ejus

423 3922 650 4009 subjiciendam
677 3921 921 4008 responderunt.
968 3919 1020 3987 Sic
1045 3920 1155 4006 itaque
1181 3922 1375 4005 magnanimi

422 4025 481 4088 viri
497 4047 578 4112 spes,
594 4025 634 4088 ad
649 4023 872 4110 occupandum
887 4022 1056 4109 imperium
1071 4035 1176 4086 erecta
1190 4035 1250 4087 est.
1278 4023 1377 4086 Deni-

422 4147 484 4208 que
503 4125 542 4188 ad
567 4124 699 4210 speciem
721 4123 796 4188 faeti
821 4123 893 4210 quis
908 4123 990 4188 Uria
1006 4122 1147 4208 justior?
1175 4122 1246 4208 quis
1267 4122 1372 4187 David

419 4227 549 4313 nequior
574 4241 630 4291 aut
657 4225 836 4289 crudelior?
868 4248 961 4311 quem
988 4223 1082 4287 decor
1113 4224 1301 4288 Bethsaheae
1330 4224 1370 4287 ad

417 4326 641 4411 proditionem,
670 4324 889 4402 homicidium,
918 4336 949 4387 et
984 4321 1178 4386 adulterium
1213 4321 1370 4426 invitavit.
