3425 5367
458 737 498 796 82
714 748 850 791 sonuum
868 743 1150 790 saansnnamusrs
1277 725 1361 804 [mn.
1381 748 1417 791 rr.

563 985 642 1070 Cap.
664 989 711 1048 lb.
734 985 787 1048 De
801 985 963 1066 speciebus
977 984 1185 1057 somniorum,
1199 986 1319 1059 cauas,

689 1088 830 1170 figuris,
845 1094 876 1150 ei
891 1085 1188 1171 significationibus.

508 1226 599 1288 Suur
621 1235 728 1286 autem
752 1221 862 1287 multae
885 1220 1004 1308 species
1027 1218 1233 1300 somniorum,
1255 1231 1288 1284 et
1311 1221 1419 1285 multi-

464 1324 562 1411 plices
578 1347 694 1400 causae,
709 1335 741 1388 et
758 1324 854 1388 varim
868 1323 995 1409 figurae,
1011 1334 1043 1386 et
1059 1321 1313 1406 significationes.
1348 1325 1420 1386 Aut

464 1427 547 1491 enirn
568 1427 771 1504 insomnium,
792 1439 849 1491 aut
868 1427 1069 1512 phantasma,
1092 1437 1149 1488 aut
1171 1424 1339 1504 somnium,
1361 1439 1418 1490 aut

466 1527 644 1604 oraculum,
656 1539 711 1591 ant
723 1527 804 1591 visio
818 1541 878 1591 est.
917 1529 1018 1590 Porro
1032 1525 1189 1590 insomnia
1202 1549 1243 1589 ex
1258 1527 1421 1606 ebrietate,

466 1629 517 1692 vel
539 1628 681 1716 crapula,
703 1640 760 1692 aut
782 1628 879 1692 variis
900 1627 1101 1715 passionibus
1122 1629 1274 1714 corporis,
1290 1629 1421 1693 affectu-

467 1755 588 1818 umque
603 1730 808 1808 tumultibus,
823 1744 856 1796 et
871 1730 1014 1817 reliquiis
1027 1730 1258 1815 cogitationum
1273 1732 1422 1818 frequen-

468 1831 587 1897 tissime
602 1831 760 1896 oriuntur.
792 1831 889 1895 Unde
903 1844 935 1896 et
950 1832 1032 1895 male
1047 1831 1131 1897 sanis
1145 1833 1320 1898 amantium
1335 1857 1421 1898 men-

468 1934 557 1998 tibus
579 1933 734 1996 insomnia
760 1955 925 2018 nunquam
951 1933 1077 1998 desunt.
1128 1935 1223 2011 Quod
1246 1936 1422 2021 prudenter

469 2033 576 2099 innuit
591 2038 702 2099 Maro:

574 2159 654 2210 Anna
666 2176 736 2211 soror
748 2177 805 2229 quae
816 2176 857 2211 me
870 2177 1023 2232 strepensam
1034 2155 1168 2216 insomnia
1173 2167 1288 2217 terrent?

575 2244 663 2297 Multa
674 2246 722 2298 viri
733 2247 814 2299 virtus
826 2248 922 2312 animo,
935 2247 1082 2318 multusque
1094 2257 1210 2304 recursat

575 2329 668 2384 Gentis
679 2331 770 2396 honos,
779 2332 883 2385 haerent
893 2332 970 2386 infixi
980 2341 1085 2405 pectore
1095 2335 1191 2400 vultus,

576 2415 723 2485 Verbaque,
735 2434 783 2469 nee
794 2416 924 2488 placidam
935 2419 1059 2470 membris
1071 2419 1118 2471 dat
1130 2437 1191 2472 eura
1203 2421 1325 2489 quietem.

472 2525 554 2588 Haec
581 2549 709 2612 quoque
735 2524 911 2590 dolentium
934 2538 991 2590 aut
1016 2527 1238 2612 gaudentium,
1265 2542 1319 2594 aut
1344 2550 1440 2616 quos'

471 2627 594 2692 timoris
618 2640 714 2692 vexat
743 2627 903 2714 angustia,
933 2641 990 2693 ant
1019 2629 1236 2696 immoderatae
1264 2632 1428 2749 cupidin'p

473 2731 568 2794 ardor
595 2729 751 2807 accendit,
777 2752 841 2793 non
869 2742 1062 2816 praetereunt
1089 2734 1273 2818 passionem.
1316 2733 1424 2798 Phan-

475 2845 590 2911 tasma,
602 2856 702 2919 quum
715 2856 821 2898 rerum
832 2834 952 2918 ignotae
968 2834 1119 2899 videntur
1131 2837 1260 2920 species,
1271 2833 1426 2922 qualitate

473 2933 521 2997 vel
538 2936 729 3020 quantitate,
739 2947 794 2999 aut
807 2935 948 3020 partium
963 2937 1059 3000 modo
1072 2937 1121 3000 vel
1137 2961 1269 3002 numero
1280 2960 1299 3001 a
1310 2949 1425 3002 natura

473 3033 700 3120 discrepantes,
712 3047 747 3098 ut
760 3036 785 3097 si
800 3035 884 3098 forte
895 3038 979 3098 “nee
990 3059 1047 3121 pes
1061 3059 1118 3100 nee
1129 3054 1228 3123 caput
1240 3041 1296 3104 uni
1309 3039 1420 3104 redda-

474 3148 529 3197 tur
543 3133 686 3210 formae,”
701 3133 778 3197 dum

1033 3241 1128 3290 tenum

615 3319 720 3372 Desinit
731 3320 759 3372 in
770 3322 868 3392 piscem
880 3321 973 3375 mulier
984 3320 1096 3374 formosa
1107 3339 1225 3393 superne.

474 3434 545 3496 Has
560 3429 689 3517 quidem
707 3431 825 3518 species
839 3456 879 3497 ex
895 3433 1078 3497 infirmitate
1098 3434 1213 3499 mentis
1227 3447 1260 3500 et
1274 3439 1426 3524 corporis,

474 3533 607 3597 tradunt
630 3533 755 3618 physici
782 3539 959 3620 provenire,
982 3557 1156 3622 earumque
1184 3559 1294 3602 causas
1323 3543 1426 3626 magis

475 3633 658 3713 attendunt,
681 3656 777 3720 quam
802 3659 841 3700 ex
866 3639 912 3700 eis
936 3635 1059 3724 aliquas
1085 3638 1339 3725 significationes.
1385 3643 1425 3706 ln

476 3757 542 3822 quo
563 3757 678 3819 genere
704 3747 736 3800 et
762 3737 945 3822 ephialtem,
968 3763 1034 3826 quo
1056 3743 1128 3827 quis
1151 3742 1246 3807 variis
1273 3742 1426 3828 pressuris

477 3835 617 3924 quodam
628 3837 720 3922 quasi
736 3837 942 3924 intervigilio,
956 3841 1012 3907 sed
1027 3865 1136 3907 somno
1152 3845 1259 3928 potius
1274 3844 1426 3931 inquieto,

476 3925 610 4025 opinans
626 3961 658 4002 se
678 3938 810 4024 vigilare
832 3965 933 4028 quum
949 3944 1098 4022 dormiat,
1113 3957 1249 4032 putatur
1264 3946 1304 4010 ab
1319 3946 1428 4032 aliquo

476 4039 603 4105 interim
645 4043 852 4127 praegravari,
890 4047 1184 4112 connumerandum
1221 4047 1426 4113 arbitrantur.

478 4144 559 4216 Quae
575 4139 703 4226 quidem
720 4143 827 4207 omnia
845 4145 1041 4211 medicorum
1056 4149 1165 4235 potius
1179 4149 1323 4235 indigent
1338 4172 1426 4227 cura,

477 4265 574 4330 quam
586 4241 790 4308 ventilatione
801 4258 925 4326 nostra3
948 4250 1121 4332 praesertim
1135 4274 1237 4337 quum
1249 4250 1327 4315 nihil
1339 4254 1371 4316 in
1383 4251 1428 4315 eis

477 4367 588 4410 verum
609 4357 772 4430 appareat,
788 4347 847 4411 nisi
870 4350 957 4433 quod
973 4351 1142 4418 verissimae
1166 4365 1239 4416 sunt
1261 4364 1294 4416 et
1315 4353 1428 4417 moles·
