3425 5367
422 697 465 756 90
679 703 815 768 tornius
831 701 1108 750 saausaaarun'srs
1235 680 1318 766 [ma.
1336 705 1371 749 11.

513 978 593 1061 Cap.
612 982 661 1039 17.
686 975 920 1056 Conjactoriam
933 997 996 1041 non
1009 997 1075 1041 asae
1087 975 1288 1057 sequendam.

469 1148 538 1212 Srro
558 1143 636 1210 dum
652 1145 709 1210 has
730 1146 946 1232 conjectorum
967 1145 1153 1211 traditiones
1174 1147 1377 1230 exequimur,

425 1269 535 1312 vereor
556 1269 596 1312 ne
611 1247 726 1312 merito
748 1269 811 1311 nou
831 1259 898 1312 tam
918 1246 1141 1332 conjectoriam
1163 1245 1280 1333 exequi
1302 1269 1377 1332 quaa

425 1362 482 1415 aut
505 1348 603 1425 nulla,
619 1361 677 1414 aut
696 1347 798 1412 inanis
815 1371 867 1414 ars
885 1361 943 1429 est,
965 1371 1061 1434 quam
1078 1348 1250 1414 dormitare
1272 1348 1378 1412 videa·

425 1476 510 1518 mur.
553 1452 709 1538 Quisquis
723 1452 806 1516 enim
823 1450 1014 1516 somniorum
1034 1453 1180 1538 sequitur
1194 1451 1379 1529 vanitatem,

426 1577 540 1642 parum
555 1553 587 1618 in
603 1553 673 1639 lege
689 1553 751 1617 Dei
767 1551 902 1638 vigilans
916 1566 975 1630 est,
990 1565 1023 1617 et
1042 1551 1121 1618 dum
1135 1552 1208 1617 fidei
1223 1551 1300 1618 facit
1315 1551 1380 1616 dis·

427 1655 592 1742 pendium,
613 1655 877 1742 perniciosissime
898 1654 1026 1722 dor'mit.
1070 1655 1196 1720 Veritas
1221 1653 1381 1740 siquidem

428 1759 470 1824 ab
484 1782 522 1822 eo
537 1759 631 1843 longe
641 1757 726 1823 lacta
740 1770 867 1838 est,uec
881 1781 951 1822 eam
967 1771 1031 1823 tam
1043 1757 1136 1822 facile
1150 1768 1256 1843 potest
1267 1778 1380 1842 appre-

428 1860 577 1939 hendere,
591 1880 687 1946 quam
703 1861 846 1924 urionem
862 1880 1055 1946 expungere,
1069 1858 1118 1924 vel
1134 1870 1255 1945 puncto
1268 1880 1382 1922 curare

427 1961 610 2038 cartineam,
627 1985 701 2047 quae
715 1962 928 2046 caligantibus
946 1962 1048 2028 oculis
1061 1962 1094 2026 in
1115 1959 1247 2024 meridie
1261 1960 1383 2046 palpat.

428 2063 474 2124 Et
500 2060 577 2125 licet
600 2060 669 2124 haec
693 2059 901 2124 somnolentia
920 2059 1064 2147 perfidiae
1088 2064 1129 2125 sit
1149 2059 1224 2124 fidei
1245 2057 1382 2124 stimulis

428 2159 608 2239 excitanda,
629 2173 662 2228 et
683 2161 828 2228 maleficii
850 2163 970 2248 potius,
992 2185 1089 2250 quam
1113 2162 1237 2228 artificii
1256 2161 1384 2248 impug-

429 2261 535 2328 nanda
555 2263 674 2344 illusio,
687 2263 806 2329 divinae
828 2276 934 2329 tamen
950 2264 1061 2349 gratiae
1080 2261 1294 2351 dispositionis
1316 2285 1382 2327 suoe

430 2388 493 2430 non
513 2365 709 2430 obstruimus
728 2366 806 2444 vias,
822 2388 885 2431 non
904 2366 1131 2453 praecludimus
1150 2369 1288 2442 semitas,
1303 2365 1383 2451 quin

430 2467 562 2556 spiritus
584 2469 641 2534 ubi
657 2468 727 2533 vult
750 2469 861 2556 spiret,
875 2482 908 2535 et
928 2493 986 2555 pro
1007 2468 1139 2535 arbitrio
1154 2492 1212 2533 suo
1234 2466 1384 2555 subjectis

429 2570 591 2636 mentibus
613 2570 762 2636 infundat
784 2575 964 2638 veritatem.
1008 2575 1129 2638 Verum
1151 2570 1296 2658 quisquis
1316 2591 1383 2634 cre·

432 2669 600 2738 dulitatem
624 2694 713 2738 suam
735 2672 1023 2760 significationibus
1043 2673 1154 2758 alligat
1180 2671 1385 2748 somniorum,

430 2773 563 2861 planum
577 2790 637 2856 est,
651 2775 731 2862 quia
753 2788 817 2841 tam
833 2799 852 2842 a
867 2775 1046 2842 sinceritate
1067 2775 1153 2852 fidei,
1170 2797 1266 2861 quam
1289 2797 1309 2838 a
1322 2786 1386 2838 tra·

431 2875 509 2941 mite
534 2875 666 2940 rationis
690 2876 861 2941 exorbitat.
906 2874 1004 2940 Plane
1027 2877 1054 2940 si
1077 2897 1179 2938 sermo
1204 2872 1384 2960 proferatur

431 2979 614 3066 ambiguus,
630 2993 662 3043 et
682 2979 776 3062 cujus
797 2978 908 3044 multae
928 2976 992 3043 sint
1012 2977 1269 3062 significationes,
1282 2996 1385 3041 nonne

432 3080 546 3142 merito
560 3100 675 3161 parum
697 3078 811 3140 doctus
826 3077 1001 3155 videbitur,
1016 3077 1163 3163 quisquis
1184 3101 1225 3141 ex
1247 3101 1285 3140 eo
1306 3078 1386 3142 citra

431 3177 655 3242 discussionem
683 3198 832 3240 sensuum
859 3177 920 3241 sibi
946 3177 1067 3262 aliquid
1093 3177 1286 3264 pertinacius
1312 3202 1385 3242 sua-

432 3278 546 3346 debit?
572 3278 722 3344 Profecto
744 3301 850 3344 rerum
873 3282 1017 3343 omnium
1042 3279 1094 3360 (ut
1117 3275 1305 3364 praedictum
1324 3284 1385 3360 est)

431 3381 601 3470 multiplex
616 3395 674 3458 est,
690 3393 722 3447 et
734 3384 822 3447 varia
834 3382 1031 3468 significatio.
1065 3378 1295 3464 Multiplicium
1311 3402 1388 3444 vero

433 3482 596 3559 distinctio
615 3481 752 3569 diligens
773 3483 922 3548 habenda
942 3495 1002 3560 est,
1024 3505 1063 3546 ne
1086 3483 1169 3546 forte
1190 3481 1267 3546 dnm
1292 3504 1388 3545 unam

431 3582 618 3668 diligentius
647 3583 799 3670 sequeris,
828 3584 862 3646 in
900 3583 993 3647 aliam
1029 3581 1170 3648 deterius
1203 3583 1388 3670 prolabaris.

434 3683 532 3748 Unde
546 3696 636 3769 patet
651 3683 891 3770 conjectorium,
907 3685 963 3771 qui
979 3685 1105 3749 nomine
1121 3684 1264 3750 Danielis
1277 3685 1388 3752 inscri-

431 3783 532 3862 bitur,
541 3783 741 3848 auctoritatis
751 3797 784 3848 et
795 3784 939 3850 veritatis
949 3785 1062 3850 robore
1073 3785 1384 3872 destitutum,quum

433 3907 483 3950 res
495 3886 635 3971 singulas
647 3885 780 3972 singulis
792 3887 1077 3972 significationibus
1088 3901 1183 3953 arcet.
1207 3891 1258 3953 De
1270 3886 1388 3973 quibus

432 4009 496 4050 non
512 3986 641 4053 videtur
656 3987 752 4053 latius
763 3990 999 4076 exequendum,
1010 4012 1112 4076 quum
1124 4004 1193 4055 tota
1203 3985 1388 4071 hujusmodi

435 4089 474 4153 sit
496 4091 604 4176 inepta
630 4091 770 4165 traditio,
794 4104 826 4157 et
847 4115 950 4177 vagus
974 4094 1190 4178 conjectorum
1215 4089 1306 4166 liber,
1331 4110 1387 4176 per

433 4189 629 4254 curiosorum
659 4213 773 4255 manus
802 4191 1007 4277 impudenter
1039 4192 1208 4258 discurrat.
1260 4189 1387 4256 Habuit

433 4310 508 4354 saue
524 4290 639 4356 Daniel
659 4293 792 4377 gratiam
809 4291 1039 4378 interpretandi
1061 4293 1196 4358 visiones
1210 4305 1243 4356 et
1258 4290 1388 4369 somnia,
