3425 5367
421 674 484 737 eta
604 658 808 733 'scaurus
824 685 1105 733 saansanamrvsrs
1245 669 1326 748 [nm.
1343 688 1378 732 v.

421 842 574 908 extitisse.
605 840 744 901 Tantum
754 860 892 922 namque
903 838 1012 921 opinio
1023 837 1376 922 praejudicatapoterat,

422 955 458 1008 ut
480 943 559 1005 nihil
586 941 826 1004 convalesceret
850 942 892 1001 ab
919 939 1080 1021 opposito,
1107 938 1183 1001 dum
1210 940 1273 1003 hoc
1301 942 1371 1023 ipse

420 1044 542 1109 dixisse
569 1042 738 1116 diceretur,
764 1054 796 1104 et
832 1062 875 1103 ex
898 1061 957 1103 usu
991 1040 1273 1123 acquiescentium,
1310 1063 1374 1105 vox

420 1147 497 1228 lpse
511 1142 721 1227 pronominis,
734 1140 948 1224 Pythagoram
965 1140 1138 1205 indicebat.
1157 1141 1274 1231 *Quum
1287 1144 1373 1206 enim

419 1245 606 1329 simpliciter
630 1243 806 1317 dicebatur,
829 1243 899 1324 ipse
933 1242 996 1305 hoc
1027 1240 1121 1319 dixit,
1145 1262 1188 1305 ex
1212 1254 1372 1327 praecepta

419 1345 619 1423 auctoritate,
640 1354 720 1407 teste
745 1343 865 1419 Tullio,
887 1343 1101 1425 Pythagoram
1123 1342 1259 1426 intelligi
1282 1366 1376 1427 opor·

419 1449 514 1511 tebet.
560 1446 626 1508 Hic
654 1457 760 1509 umen
784 1433 851 1507 tota
875 1445 1062 1511 auctoritate
1086 1465 1153 1521 sue,
1174 1466 1376 1530 nequaquam

414 1547 579 1631 judicium
604 1546 707 1621 flexit,
734 1543 791 1607 sed
817 1544 924 1609 adhuc
951 1542 1179 1609 interveniente
1211 1545 1376 1625 dilatione,

421 1659 550 1733 propter
568 1647 612 1709 rei
633 1645 872 1726 ambiguitatem
896 1644 1016 1727 pendet
1038 1645 1205 1707 sententie.
1250 1646 1376 1709 Thema

422 1748 553 1833 quidem
582 1744 765 1830 hujusmodi
793 1755 860 1809 est:
896 1747 1031 1809 Evallus
1059 1745 1247 1809 adolescens
1274 1747 1376 1826 dives,

420 1849 613 1933 eloquentiae
630 1845 794 1911 discendae
805 1849 917 1927 gratia,
927 1866 1104 1928 causasque
1120 1845 1230 1909 orandi
1242 1848 1376 1930 cupiens

421 1948 489 2011 suit.
535 1947 651 2009 Hicin
668 1944 873 2027 disciplinam
897 1946 1090 2028 Pythagorae
1117 1967 1151 2009 se
1178 1945 1278 2024 dedit,
1303 1968 1375 2029 pro-

422 2049 551 2111 mittens
567 2047 736 2131 pecuniam
752 2061 902 2129 quantam
925 2048 1123 2128 Pythagoras
1139 2049 1284 2131 petierat,
1300 2049 1375 2114 data

421 2147 590 2211 medietate
616 2156 788 2227 autequam
815 2145 1042 2225 ingrederetur,
1081 2146 1210 2211 daturus
1244 2150 1374 2213 alteram

419 2268 486 2330 quo
502 2245 639 2327 primum
665 2242 716 2305 die
741 2264 871 2307 causam
887 2245 973 2327 apud
983 2245 1113 2329 judices
1139 2260 1327 2330 perorasset,
1343 2261 1375 2315 et

420 2349 559 2413 vicisset.
605 2347 723 2409 Postea
738 2366 836 2428 quum
851 2344 972 2409 diutius
987 2345 1122 2421 auditor,
1138 2359 1372 2433 assectatorque

419 2450 611 2533 Pythagorae
623 2447 742 2525 fuisset,
751 2447 998 2532 facundiamque
1009 2450 1219 2530 promovisset
1229 2472 1247 2513 a
1257 2451 1372 2530 studio,

421 2562 454 2614 et
477 2563 657 2615 transcurso
684 2560 826 2632 tempore
856 2549 1005 2629 longiori,
1029 2550 1237 2614 causantibus
1267 2564 1371 2633 patro·

420 2654 541 2715 ciuium
564 2651 745 2731 denegaret,
762 2659 797 2714 ut
816 2652 999 2733 putabatur,
1014 2671 1055 2712 ne
1071 2650 1211 2715 doctoris
1226 2653 1374 2736 impleret

419 2752 611 2831 mercedem,
624 2754 735 2817 habito
751 2754 899 2831 consili0,
912 2753 1000 2817 litem
1018 2774 1090 2817 cum
1114 2776 1153 2815 eo
1178 2755 1375 2837 Pythagoras

419 2864 626 2918 contestatur.
671 2853 779 2925 Quum
801 2874 879 2935 ergo
901 2852 942 2915 ad
968 2852 1095 2937 judices
1118 2854 1268 2918 ineundae
1296 2877 1373 2919 con-

421 2954 657 3037 stitueudaeque
692 2975 797 3017 causae
832 2955 995 3017 venissent
1029 2955 1139 3035 gratia
1174 2956 1372 3039 Pythagoras

420 3056 468 3117 sic
481 3075 613 3116 exorsus
623 3064 679 3116 est
711 3054 823 3127 Disce,
836 3054 954 3137 iuquit,
978 3056 1164 3119 stultissime
1176 3056 1375 3133 adolescens,

420 3164 556 3239 utroque
572 3152 605 3215 id
621 3151 717 3215 modo
732 3154 810 3228 sure,
829 3155 876 3217 uti
899 3154 1017 3219 reddas
1033 3156 1120 3239 quod
1135 3169 1221 3240 peto,
1237 3158 1303 3219 sive
1316 3178 1375 3239 pro

420 3267 451 3319 te
466 3253 713 3339 pronunciatum
731 3254 799 3331 erit,
815 3255 881 3317 sive
897 3267 1009 3317 contra
1024 3269 1064 3317 te.
1111 3257 1196 3319 Nam
1212 3258 1239 3319 si
1264 3268 1375 3321 contra

419 3355 505 3421 telis
520 3354 578 3417 erit
599 3351 684 3428 data,
699 3374 820 3417 merces
845 3354 1015 3417 debebitur
1040 3356 1116 3419 mihi
1141 3378 1182 3419 ex
1205 3358 1375 3433 sententia,

419 3457 498 3541 quie
523 3477 583 3536 ego
607 3455 753 3517 evicero:
782 3456 831 3519 sin
858 3477 931 3518 vero
958 3456 1137 3519 secundum
1151 3468 1181 3519 te
1190 3456 1373 3539 judicatum

420 3559 488 3629 erit,
505 3575 627 3617 merces
640 3554 719 3616 mihi
735 3566 892 3637 expecto
908 3556 1085 3634 debebitur,
1108 3558 1184 3640 quia
1198 3568 1233 3621 tu
1247 3557 1372 3623 viceris.

420 3656 472 3720 Ad
487 3676 527 3718 ea
541 3652 667 3737 placide
683 3655 825 3718 Evallus.
872 3657 968 3737 Opto,
995 3659 1110 3742 inquit,
1125 3659 1202 3723 huic
1222 3672 1284 3723 tuae
1308 3670 1373 3722 tam

419 3756 551 3840 anticipi
569 3756 711 3839 captioni
726 3757 790 3819 isse
805 3758 945 3832 obviam,
962 3758 989 3820 si
1005 3760 1099 3822 verba
1114 3780 1180 3821 non
1195 3760 1265 3843 ipse
1288 3760 1372 3823 sace·

419 3879 498 3935 rem,
513 3869 610 3941 atque
630 3858 693 3920 alio
713 3869 847 3941 patrono
873 3870 983 3923 uterer.
1037 3860 1103 3923 Sed
1129 3862 1231 3941 magis
1256 3862 1289 3923 in
1315 3862 1376 3925 ista

420 3956 562 4031 victoria,
573 3955 764 4036 praeludium
780 3968 838 4029 est,
849 3978 949 4041 quum
961 3968 993 4023 te
1008 3980 1073 4021 non
1089 3959 1122 4021 in
1139 3980 1235 4023 causa
1250 3972 1373 4025 tantum

418 4054 525 4117 sedin
541 4063 729 4133 argumento
744 4076 875 4139 quoque
904 4059 965 4119 isto
992 4056 1126 4120 evicero.
1173 4058 1271 4121 Disce
1297 4082 1373 4143 ergo

419 4165 465 4229 tu,
480 4154 629 4234 magister
644 4154 892 4237 sapientissime,
906 4170 1040 4243 utroque
1057 4157 1153 4221 modo
1169 4158 1311 4223 futurum
1328 4162 1375 4225 uti

419 4277 486 4319 non
501 4253 631 4319 reddam
647 4255 735 4337 quod
750 4258 843 4339 petis,
856 4258 922 4321 sive
935 4269 1047 4321 contra
1063 4280 1114 4322 me
1126 4262 1372 4342 pronunciatum
