3425 5367
313 720 386 766 car.
404 704 492 782 vua]
690 719 944 766 rnrucnamous.
1206 700 1269 758 295

315 869 364 933 Ut
387 891 462 934 vero
485 870 518 933 in
546 869 640 934 laude
667 868 799 955 Trajani
824 868 947 933 facilius
973 866 1186 954 acquiescant,
1211 866 1266 949 qui

312 969 391 1035 alios
412 970 442 1034 ei
463 969 678 1056 praeferendos
700 970 881 1057 opinantur,
904 970 1036 1033 virtutes
1058 968 1127 1052 ejus
1149 964 1266 1049 legitur

311 1072 554 1138 commendasse
579 1072 793 1139 sanctissimus
819 1094 902 1159 papa
925 1070 1110 1155 Gregorius,
1133 1078 1167 1133 et
1188 1065 1265 1130 fusis

311 1196 369 1261 pro
391 1196 430 1239 eo
451 1174 631 1263 lachrymis,
652 1175 826 1240 inferorum
848 1172 1080 1261 compescuisse
1103 1168 1261 1243 incendia,

313 1278 454 1343 Domino
469 1288 695 1342 remunerante
709 1278 743 1341 in
759 1275 976 1341 misericordia
990 1274 1080 1339 uberi
1093 1271 1263 1361 justitiam,

311 1401 407 1465 quam
423 1379 529 1445 viduoe
540 1379 630 1444 flenti
642 1380 828 1444 exhibuerat
844 1378 1012 1463 Trajanus.
1051 1377 1162 1451 Quum
1174 1374 1261 1437 enim

310 1493 505 1546 memoratus
527 1482 715 1567 imperator,
733 1482 802 1568 jam
826 1502 947 1569 equum
973 1478 1198 1555 adscendisset,
1219 1476 1260 1539 ad

310 1581 431 1646 bellum
462 1583 671 1669 profecturus,
699 1583 795 1648 vidua
828 1582 1026 1669 apprehenso
1055 1581 1137 1667 pede
1165 1579 1260 1655 illius,

311 1681 535 1747 miserabiliter
555 1682 678 1769 lugens,
694 1683 754 1749 sibi
771 1684 930 1769 justitiam
951 1682 1020 1748 lieri
1040 1682 1142 1769 petiit,
1158 1680 1198 1745 de
1214 1680 1263 1745 his

311 1786 366 1872 qui
380 1784 482 1850 filium
495 1787 564 1871 ejus
578 1787 747 1872 optimum,
758 1800 791 1851 et
801 1786 1097 1853 innocentissimum
1108 1785 1261 1870 juvenem

311 1887 428 1973 injuste
441 1889 633 1955 occiderant.
679 1890 744 1969 Tu,
758 1889 874 1977 inquit,
892 1892 1049 1974 Auguste,
1065 1888 1213 1973 imperas,
1229 1897 1263 1949 et

311 2012 372 2075 ego
386 2002 454 2055 tam
468 2002 607 2055 atrocem
623 1991 772 2077 injuriam
789 1991 915 2077 patior?
938 1991 1019 2076 Ego,
1035 1990 1140 2077 inquit
1156 1989 1264 2075 Impe-

310 2100 404 2169 rator,
416 2092 606 2157 satisfaciam
617 2093 676 2158 tibi
688 2117 788 2181 quum
800 2095 936 2159 rediero.
969 2093 1069 2175 Quid,
1080 2092 1185 2180 inquit
1195 2091 1262 2169 illa,

310 2193 335 2258 si
351 2216 415 2261 non
431 2194 586 2261 redieris?
623 2197 793 2262 Successor
807 2220 909 2278 meus,
923 2198 968 2262 ait
989 2196 1158 2282 Trajanus‚
1174 2194 1264 2261 satis·

311 2296 407 2362 faciet
434 2298 503 2365 tibi.
556 2298 600 2362 Et
628 2299 700 2363 itta:
739 2299 826 2375 Quid
856 2300 916 2365 tibi
946 2300 1096 2385 proderit,
1127 2298 1152 2362 si
1183 2296 1263 2361 alius

310 2398 532 2464 benefecerit?
569 2400 623 2465 Tu
650 2401 729 2465 mibi
750 2401 877 2467 debitor
898 2424 942 2477 es,
967 2400 1143 2465 secundum
1166 2421 1264 2485 opera

310 2501 493 2565 mercedem
514 2515 707 2588 recepturus.
755 2504 855 2568 Fraus
876 2504 987 2590 utique
1007 2514 1065 2579 est,
1087 2500 1171 2565 nolle
1192 2500 1264 2565 red-

311 2603 387 2667 dere
410 2604 496 2690 quod
522 2604 667 2672 debetur.
714 2606 884 2670 Successor
905 2618 979 2671 tuus
1004 2603 1153 2691 injuriam
1181 2603 1262 2689 pati-

310 2704 449 2787 entibus,
462 2728 520 2792 pro
541 2729 575 2773 se
598 2706 766 2773 tenebitur.
813 2706 864 2773 Te
886 2730 948 2772 non
973 2706 1122 2771 liberabit
1138 2704 1264 2790 justitia

310 2807 424 2875 aliena.
457 2810 548 2873 Bene
562 2825 674 2895 agetur
684 2832 759 2875 cum
773 2832 953 2875 successore
967 2822 1034 2887 tuo,
1044 2808 1070 2873 si
1081 2806 1264 2873 liberaverit

312 2930 347 2974 se
361 2909 476 2995 ipsum.
523 2911 585 2976 His
599 2913 702 2978 verbis
716 2925 823 2979 motus
839 2914 1027 2999 imperator,
1042 2909 1209 2976 descendit
1223 2908 1263 2972 de

310 3034 404 3100 equo,
430 3026 464 3079 et
487 3036 614 3080 causam
638 3016 881 3103 presentialiter
906 3015 1109 3091 examinavit,
1132 3023 1166 3078 et
1187 3032 1262 3077 con·

310 3116 408 3203 digua
436 3117 649 3185 satisfactione
674 3120 804 3187 viduam
834 3121 1014 3187 consolatus
1043 3132 1100 3187 est.
1148 3118 1262 3183 uenus

310 3228 419 3283 autem
442 3218 644 3297 beatissimus
674 3222 848 3307 Gregorius
881 3223 969 3309 Papa
992 3220 1115 3288 tamdiu
1142 3242 1204 3307 pro
1222 3239 1261 3283 eo

310 3318 427 3385 fudisse
438 3320 735 3407 lachrymas,donec
746 3322 777 3387 ei
789 3324 821 3386 in
829 3324 1022 3389 revelatione
1034 3322 1215 3387 nuntiatum
1222 3320 1263 3386 sit

311 3420 487 3507 Trajanum
510 3445 530 3487 a
551 3424 655 3509 poenis
676 3424 791 3489 inferni
813 3425 995 3504 liberatum,
1010 3426 1070 3490 sub
1092 3446 1130 3489 ea
1152 3438 1260 3489 umen

309 3523 502 3601 conditione,
532 3547 574 3591 ue
609 3526 741 3593 ulterius
770 3550 828 3614 pro
856 3528 964 3617 aliquo
993 3526 1115 3593 infideli
1152 3526 1261 3591 Deum

309 3626 477 3693 sollicitare
500 3643 717 3716 praesumeret.
768 3633 867 3697 Unde
892 3643 926 3697 et
953 3631 1069 3697 merito
1094 3629 1263 3717 praefertur

308 3726 387 3807 aliis,
411 3730 501 3817 cujus
522 3732 621 3798 virtus
642 3755 710 3821 praa
731 3735 856 3801 caeteris
877 3736 922 3801 ita
941 3734 1057 3801 sanctis
1079 3732 1209 3820 placuit,
1226 3741 1262 3796 ut

309 3852 419 3897 eorum
441 3834 574 3916 meritis,
595 3835 679 3901 solus
701 3836 742 3901 sit
763 3836 925 3902 liberatus.
972 3836 1015 3901 Et
1036 3836 1107 3901 haee
1128 3833 1259 3923 quidem

308 3932 349 3998 de
364 3934 467 4023 capite
483 3937 668 4023 reipublicae
683 3938 867 4004 dictasunt.
