3425 5367
446 718 488 779 8⁰
701 732 837 779 ioannis
852 730 1132 779 saaasaaarussrs
1274 716 1358 796 [nm.
1375 736 1397 783 1.

448 886 532 964 tatis,
546 886 660 969 privati
680 885 857 949 minoribus
877 895 1084 969 occupentur,
1098 886 1335 951 honestioribus
1349 890 1399 951 in-

448 987 557 1071 genui,
572 986 737 1051 vilioribus
751 988 873 1051 servilis
888 986 1031 1052 conditio
1047 989 1269 1071 mancipetur3

555 1106 628 1161 Nam
639 1108 707 1177 qaod
718 1112 793 1181 turpe
804 1108 880 1161 bonis
893 1108 954 1162 Seio
965 1108 1098 1179 Tib'oqne,
1110 1108 1215 1163 decebit

556 1192 713 1265 Crispinum.

452 1309 629 1394 Siculique
645 1330 743 1396 quum
757 1310 855 1375 multa
871 1310 934 1373 sint
942 1310 1084 1395 ejusdem
1095 1310 1236 1395 corporis
1245 1313 1399 1388 membra,

451 1429 515 1473 non
533 1412 641 1475 omnia
656 1412 759 1475 eidem
783 1411 870 1476 actui
892 1411 1041 1489 serviunt,
1057 1411 1114 1473 sed
1130 1432 1188 1475 sua
1205 1425 1279 1474 sunt
1294 1413 1400 1476 officia

449 1510 654 1593 singulorum.
700 1508 763 1587 Qui
785 1532 861 1595 ergo
874 1519 965 1575 tunm
988 1514 1129 1576 venatori
1144 1532 1211 1575 non
1226 1512 1326 1587 cedis,
1343 1534 1400 1575 cur

449 1611 535 1675 illius
550 1632 685 1697 usurpas
700 1613 838 1677 officium
851 1613 866 1673 i
903 1612 1022 1675 Nonne
1037 1613 1200 1697 reputabis
1221 1612 1399 1695 indignum,

451 1714 477 1777 si
504 1714 546 1777 ad
575 1736 706 1798 regnum
730 1717 782 1778 vel
807 1714 849 1777 ad
872 1713 1074 1797 pontificium
1100 1724 1234 1776 venator
1259 1712 1400 1798 aspiret?

450 1815 612 1899 Equidem
641 1816 804 1895 indignius
833 1824 893 1891 est,
916 1815 943 1875 si
970 1814 1011 1876 ab
1034 1816 1184 1876 alterutro
1209 1814 1336 1894 fastigio
1360 1815 1402 1877 ad

452 1917 610 1978 venatoris
625 1914 824 1977 carnificium
840 1916 890 1976 vel
905 1912 1015 1976 sordes
1035 1914 1220 1995 prolabaris.
1267 1916 1403 1979 Innatus

450 2016 567 2080 etenim
584 2036 672 2079 amor
686 2015 765 2077 boni
780 2035 906 2098 semper
919 2014 1032 2098 quaerit
1046 2034 1233 2090 ascensum3
1256 2036 1274 2077 e
1291 2028 1402 2081 contra

450 2117 553 2180 fomes
567 2116 637 2179 vitii
652 2126 765 2200 sponte
781 2138 839 2179 sua
853 2114 955 2197 vergit
970 2114 1011 2178 ad
1026 2135 1147 2179 casum.
1192 2116 1301 2180 Causa
1322 2139 1401 2201 quo-

451 2238 514 2301 que
537 2226 643 2281 actum
665 2218 782 2301 poterit
804 2218 964 2296 decorare,
987 2217 1015 2281 si
1037 2228 1092 2281 aut
1112 2218 1304 2281 necessitate
1326 2220 1401 2282 sub-

451 2320 551 2393 sistat,
568 2332 623 2383 aut
638 2320 742 2401 vigeat
764 2319 912 2395 utilitate,
928 2329 982 2383 aut
1003 2319 1171 2383 honestate
1186 2320 1401 2402 splendescat,

451 2441 550 2504 quum
566 2440 608 2507 ex
624 2423 742 2484 affectu
762 2420 889 2498 mentis,
904 2430 972 2483 tota
987 2420 1090 2483 valeat
1104 2421 1282 2484 substantia
1297 2422 1402 2505 operis

450 2522 594 2585 colorari.
638 2523 782 2586 Affectus
797 2522 914 2585 etenim
937 2533 1011 2585 tuus
1028 2520 1081 2602 (ut
1093 2522 1138 2585 ait
1153 2519 1296 2605 sapiens)
1312 2523 1400 2605 operi

450 2631 506 2685 tuo
520 2644 638 2686 nomen
658 2622 804 2706 imponit.
849 2622 1093 2705 inculpabiliter
1107 2644 1150 2686 ex
1166 2624 1284 2687 sanctis
1304 2623 1402 2706 patris

392 2783 397 2793 ,,
450 2726 601 2790 mandato
628 2737 774 2789 venatum
801 2726 962 2810 proiectus
986 2738 1035 2789 est
1060 2726 1160 2803 Esau,
1184 2736 1219 2789 ut
1245 2735 1278 2788 et
1302 2725 1400 2809 patris

449 2829 577 2893 satiaret
591 2829 737 2904 esuriem,
749 2839 781 2892 et
793 2830 980 2913 promissam
990 2828 1252 2892 benedictionem
1262 2828 1401 2910 impensi

449 2931 561 2992 merito
578 2932 724 3014 obsequii
747 2932 912 2994 obtineret.
958 2932 994 2993 Si
1015 2932 1099 2993 enim
1114 2932 1183 2993 sine
1198 2933 1295 3013 culpa
1309 2951 1401 2994 exer-

450 3034 516 3093 ceri
544 3053 609 3093 non
639 3042 760 3112 posset,
786 3052 990 3113 nequaquam
1015 3043 1124 3094 tantus
1149 3032 1329 3113 patriarcha
1359 3030 1401 3095 ad

450 3151 532 3213 opus
546 3130 631 3193 illius
646 3130 784 3192 misisset
801 3128 914 3205 filium,
930 3150 1026 3213 quem
1047 3131 1283 3193 benedictionis
1298 3132 1401 3212 gratia

449 3231 483 3293 in
500 3239 598 3314 caput
612 3230 754 3312 gentium
777 3230 971 3294 constituere
994 3228 1195 3311 disponebat.
1241 3228 1306 3291 Sed
1321 3232 1402 3293 forte

449 3354 538 3399 rnora
558 3334 657 3399 traxit
678 3334 720 3398 ad
743 3356 776 3399 se
799 3334 988 3420 periculum,
1010 3332 1086 3416 quia
1107 3331 1228 3394 diutius
1249 3332 1349 3405 licito,
1365 3334 1400 3395 in

450 3461 544 3523 opere
559 3451 667 3505 tamen
689 3440 790 3518 licito,
806 3460 848 3503 ex
870 3458 967 3522 prava
989 3432 1223 3499 consuetudine
1239 3445 1273 3497 et
1287 3434 1399 3497 immo-

450 3541 558 3604 derato
582 3562 689 3604 amore
712 3542 902 3603 morabatur.
948 3536 1048 3600 Nulla
1070 3546 1178 3599 tamen
1204 3546 1343 3601 versatur
1366 3537 1400 3599 in

450 3642 556 3723 culpa,
581 3642 638 3725 qui
659 3649 792 3721 urgente
815 3640 943 3703 stimulo
965 3638 1178 3715 necessitatis,
1201 3660 1266 3701 non
1289 3658 1397 3722 repro-

450 3742 517 3804 bati
542 3742 639 3805 studii
665 3742 818 3807 exercitio
845 3741 942 3803 vitam
972 3741 1098 3823 cogitur
1119 3742 1283 3805 exhibere.
1334 3738 1398 3812 Qui

450 3844 506 3907 otii
528 3844 675 3910 inertiam
691 3845 801 3923 vitant,
817 3844 873 3929 qui
895 3842 1043 3926 gerendis
1064 3844 1202 3927 negotiis
1224 3843 1399 3927 disponunt

450 3947 590 4011 membra
627 3946 703 4010 dum
740 3945 904 4009 laboribus
937 3957 1138 4020 assuescunt,
1169 3944 1225 4027 qui
1254 3944 1398 4006 vitiosam

449 4048 589 4131 corporis
618 4048 743 4131 fugiunt
771 4049 901 4125 molem,
931 4060 1053 4111 servata
1081 4047 1116 4108 in
1151 4046 1300 4108 omnibus
1329 4044 1400 4125 dig·

412 4138 415 4145 ¹
448 4148 548 4212 nitate
574 4170 729 4234 personae,
751 4150 847 4234 justae
873 4146 1126 4231 reprehensionis
1148 4166 1213 4207 non
1236 4145 1401 4228 patiuntur

450 4251 589 4314 aculeos.
636 4250 727 4334 Opus
753 4248 840 4313 enim
870 4268 936 4311 non
962 4268 1005 4309 ex
1032 4268 1078 4324 se,
1103 4244 1159 4309 sed
1181 4265 1223 4307 ex
1247 4264 1345 4309 causa
1365 4244 1403 4309 fit
