3425 5367
455 753 516 818 lla
698 767 833 816 scaurus
849 764 1126 814 saansaamansrs
1271 748 1351 826 [nin.
1369 764 1406 815 11.

452 943 494 985 ex
510 921 566 986 illo
588 931 674 985 retro
689 920 798 996 flue're,
813 931 845 983 et
868 917 969 983 indies
991 917 1066 993 labi,
1089 914 1191 981 minui
1214 915 1303 999 regni
1325 915 1408 980 vires

452 1033 631 1107 coeperunt,
653 1019 738 1083 salus
760 1017 872 1104 populi
893 1016 1061 1093 fluctuare,
1091 1015 1232 1079 hostium
1254 1016 1405 1092 crebrior,

453 1122 566 1206 major,
587 1119 764 1206 clariorque
793 1117 937 1194 victoria,
960 1129 1024 1181 tam
1053 1119 1139 1200 regis
1166 1138 1265 1201 quam
1295 1116 1406 1202 populi

453 1220 590 1286 validius
605 1221 727 1286 animos
741 1220 848 1304 fregit.
884 1224 957 1304 Ipse
969 1231 1074 1282 tamen
1091 1239 1164 1281 eum
1180 1217 1232 1280 cui
1248 1217 1408 1282 Dominus

453 1343 586 1406 regnum
602 1323 796 1397 firmaverat,
816 1320 1064 1385 exterminatum
1087 1317 1226 1382 habebat
1245 1341 1265 1381 a
1286 1318 1406 1383 linibus

451 1422 529 1486 ouis
575 1423 661 1500 Quid
677 1445 754 1506 ergo
774 1420 902 1485 tandem
923 1421 1008 1505 cepit
1023 1418 1171 1483 consilii?
1194 1423 1268 1484 Non
1292 1419 1406 1504 utique

453 1533 492 1586 ut
506 1545 639 1606 regnum
657 1522 796 1587 traderet
812 1520 934 1584 meliori
950 1543 993 1596 se,
1009 1531 1046 1584 ut
1061 1519 1262 1605 dispositioni
1276 1519 1405 1596 divinae,

451 1644 530 1706 quae
545 1621 574 1686 ei
588 1623 782 1701 innotuerat,
797 1619 1022 1706 acquiesceret,
1036 1631 1073 1683 ut
1084 1617 1304 1704 poenitentiam
1321 1630 1408 1682 aute-

454 1735 535 1788 actae
547 1724 623 1788 vitae
632 1736 740 1808 ageret
752 1723 959 1787 fructuosam.
991 1720 1053 1785 Sed
1066 1722 1124 1805 qui
1135 1720 1287 1784 adversus
1298 1718 1409 1783 Domi-

453 1847 531 1889 num
547 1825 728 1888 calcaneum
745 1827 880 1888 tumoris
888 1827 1057 1898 extulerat,
1070 1819 1227 1907 populum
1242 1821 1275 1884 in
1284 1833 1408 1885 montes

456 1925 591 2003 Gelboe,
621 1925 674 1990 ubi
701 1923 883 2010 puniendus
913 1937 946 1988 et
970 1922 1163 1988 occidendus
1188 1934 1269 1998 erat,
1295 1924 1407 1987 eduxit

453 2027 487 2091 in
503 2027 660 2112 praelium.
705 2025 815 2090 Occidi
838 2024 996 2110 siquidem
1017 2024 1050 2088 in
1074 2035 1181 2088 monte
1204 2022 1328 2098 debuit,
1351 2021 1407 2108 qui

454 2127 587 2190 nonnisi
599 2125 664 2189 alta
675 2127 708 2188 in
721 2125 823 2211 seipso
832 2125 982 2210 respexit.
1028 2124 1111 2201 Quia
1120 2145 1197 2208 ergo
1206 2145 1280 2186 eum
1291 2122 1408 2194 veritas

452 2227 524 2311 ipsa
543 2225 694 2303 desernit,
716 2225 757 2288 ad
779 2225 900 2288 fontem
922 2224 1078 2288 mendacii
1101 2223 1202 2286 falsus
1223 2235 1256 2286 et
1278 2222 1407 2308 iniquus

454 2327 601 2413 princeps
614 2324 769 2408 confugit.
815 2326 909 2390 Dixit
924 2325 1033 2410 itaque
1042 2325 1140 2388 servis
1155 2325 1241 2389 suis.-
1265 2324 1407 2401 Quaerite

454 2427 534 2490 mihi
555 2426 730 2502 mulierem,
753 2425 922 2491 habentem
946 2426 1136 2512 Pythonem,
1159 2438 1191 2489 et
1222 2424 1336 2488 vadam
1365 2425 1409 2488 ad

453 2551 534 2606 eam,
563 2539 597 2591 et
626 2527 810 2592 sciscitabor
834 2549 889 2612 per
910 2527 1007 2592 illam.
1051 2527 1141 2604 Quid
1162 2526 1251 2590 aliud
1272 2524 1407 2590 dixisset
1437 2553 1440 2558 ·

453 2627 593 2714 gentilis,
603 2626 753 2712 idemque
764 2627 930 2713 perfidus?
945 2630 1060 2692 Nonne
1069 2626 1152 2690 idem
1163 2639 1259 2690 estac
1272 2624 1408 2702 sidicat,

583 2745 703 2799 Flectere
715 2746 737 2798 si
748 2761 849 2812 nequeo
861 2761 976 2816 superos,
988 2744 1140 2796 Acheronta
1150 2744 1274 2796 movebo?

452 2861 511 2914 aut
532 2849 729 2915 fidelioribus
752 2849 869 2924 verbis,
890 2860 923 2912 et
946 2847 1098 2911 insaniori
1113 2845 1258 2932 perfidia,
1275 2843 1309 2911 Si
1328 2843 1406 2907 mihi

456 2952 547 3014 Deus
575 2949 721 3014 notitiam
751 2947 911 3012 subtrahit
939 2945 1093 3024 veritatis,
1123 2969 1192 3010 eam
1222 2962 1327 3012 tamen
1351 2966 1408 3029 per

454 3061 578 3134 patrem
593 3047 758 3126 mendacii,
776 3069 813 3108 eo
832 3047 943 3122 invito,
960 3068 1161 3129 cognoscam,
1181 3059 1214 3110 et
1234 3047 1310 3110 velit
1329 3043 1407 3108 nolit

454 3169 603 3212 arcanum
625 3145 746 3210 consilii
767 3145 847 3230 ejus,
862 3167 919 3229 per
940 3156 1114 3230 potestates
1135 3145 1331 3209 adversarias
1350 3168 1406 3209 ex·

454 3247 612 3334 plorabo?
636 3247 681 3310 Et
695 3245 845 3310 dixerunt
862 3245 944 3308 servi
958 3245 1028 3331 ejus
1043 3245 1085 3311 ad
1100 3266 1192 3309 eum:
1217 3246 1278 3308 Est
1293 3245 1409 3308 mulier

454 3348 575 3412 habens
597 3347 776 3434 Pythonem
791 3345 824 3410 in
841 3345 962 3410 Endor.
980 3344 1137 3430 indignus
1151 3343 1235 3407 enim
1250 3354 1318 3406 erat
1334 3365 1409 3408 con-

456 3449 627 3514 sultatione
648 3447 745 3526 virili,
760 3471 857 3534 quem
873 3447 904 3510 in
922 3458 1045 3512 tantum
1063 3443 1242 3530 desperatio
1255 3443 1408 3528 fregerat,

457 3561 491 3613 ut
507 3549 601 3612 etiam
615 3549 655 3610 ab
670 3547 803 3610 infirmis
818 3559 849 3611 et
861 3546 1082 3609 infirmissimis
1095 3544 1250 3608 creaturis
1260 3544 1301 3608 ad
1317 3557 1409 3609 tuen-

454 3645 534 3709 dum
547 3646 604 3710 sibi
621 3666 766 3728 regnum,
782 3644 869 3730 quod
886 3643 1044 3708 Dominus
1064 3644 1239 3724 auferebat,
1255 3644 1409 3708 adversus

453 3746 541 3809 omni
563 3744 737 3832 potentiam
754 3745 832 3829 ejus,
848 3743 1004 3810 auxilium
1023 3744 1219 3831 imploraret.
1266 3744 1408 3809 Mutavit

455 3865 533 3928 ergo
543 3843 686 3908 habiturn
698 3865 804 3921 suurn,
815 3847 1013 3930 vestitusque
1024 3857 1072 3909 est
1078 3845 1150 3909 aliis
1161 3845 1368 3922 vestimentis,
1376 3855 1409 3907 et

452 3945 532 4010 abiit
543 3947 611 4032 ipse
620 3959 654 4008 et
666 3943 731 4008 duo
743 3945 804 4008 viri
813 3967 886 4008 cum
899 3968 948 4022 eo,
960 3957 1180 4030 veneruntque
1190 3945 1231 4008 ad
1242 3945 1407 4008 mulierem

452 4058 557 4109 nocte.
601 4047 701 4108 Recte
723 4042 852 4128 quidem
873 4044 991 4125 omnia,
1011 4045 1089 4130 quia
1111 4056 1218 4109 rectus
1237 4056 1296 4123 est,
1311 4042 1407 4108 etiam

450 4145 541 4228 apud
557 4165 725 4230 perversos·
735 4141 875 4227 Spiritus
897 4158 1034 4210 sanctus.
1079 4144 1182 4230 Regio
1197 4166 1335 4230 namque
1350 4143 1406 4205 ha-

452 4245 524 4309 bitu
546 4243 657 4308 debuit
680 4243 820 4328 spoliari,
835 4247 894 4330 qui
916 4245 956 4308 ad
980 4245 1180 4310 serviendum
1197 4244 1407 4323 damonibus,

451 4358 484 4409 et
506 4367 568 4409 non
591 4346 673 4422 Deo,
688 4345 864 4410 infaustum
888 4346 1068 4432 arripuerat
1087 4346 1161 4410 iter.
1208 4345 1272 4420 Qui
1290 4357 1409 4409 vestem
