3425 5367
278 725 347 800 osi.
362 730 448 815 xxc]
620 749 877 798 eonrcnar1cns.
1169 737 1229 795 113

277 904 462 991 simpliciter
477 903 614 970 recidere
629 904 662 968 in
678 913 805 978 terram,
821 913 876 966 aut
894 901 971 987 quia
986 904 1073 978 novi,
1089 901 1228 966 recidere

275 1025 400 1068 neccsse
420 1016 477 1068 est.
529 1005 639 1070 Potest
660 1004 743 1067 enim
770 1000 910 1066 recidere
931 1014 964 1066 et
989 1023 1053 1065 non
1078 1001 1227 1066 recidere.

276 1107 420 1170 Alterum
436 1120 553 1182 tamen,
567 1104 625 1170 etsi
642 1127 705 1170 non
720 1102 907 1184 necessario,
922 1125 1032 1168 verum
1049 1116 1154 1168 tamen
1170 1116 1228 1168 est.

278 1201 364 1267 Illud
381 1205 492 1290 utique
506 1203 594 1290 quod
607 1203 671 1268 scio
681 1204 846 1269 futurum:
871 1203 993 1268 sienim
1005 1203 1149 1269 futurum
1165 1226 1228 1267 non

274 1321 332 1386 est,
343 1308 401 1372 etsi
416 1308 485 1372 iore
500 1320 643 1393 putetur,
653 1329 716 1372 non
732 1306 831 1372 scitur
846 1319 963 1384 tamen,
975 1305 1125 1392 quoniam
1141 1305 1228 1370 illius

276 1408 362 1492 qnod
379 1429 442 1472 uon
457 1421 517 1488 est,
532 1427 594 1471 non
610 1408 750 1484 scientia,
765 1403 820 1472 sed
838 1408 948 1493 opinio
962 1421 1020 1472 est.
1066 1409 1228 1472 Caeterum

274 1511 335 1573 etsi
351 1530 413 1572 non
428 1531 496 1574 esse
510 1508 623 1594 possit,
637 1507 717 1572 nihil
731 1508 866 1594 impedit
880 1531 947 1572 esse
963 1508 1139 1586 scientiam,
1154 1531 1229 1594 quar

275 1631 340 1674 non
356 1609 600 1674 necessariorum
624 1621 759 1690 tantum,
774 1608 829 1674 sed
852 1609 1072 1694 quorumlibet
1093 1609 1231 1673 existen·

276 1711 357 1774 tium
374 1723 434 1786 est,
446 1709 506 1774 nisi
521 1709 604 1774 l’orte
614 1724 647 1774 et
663 1722 698 1775 tu
712 1731 784 1776 cum
802 1710 917 1775 Stoicis
927 1709 1097 1774 existentia
1106 1732 1233 1774 censeas

277 1809 459 1874 necessariis
484 1808 706 1895 comparanda.
752 1808 803 1874 Sic
828 1819 862 1874 et
887 1831 961 1896 quoe
985 1807 1039 1872 ille
1063 1807 1232 1894 praenovit,

277 1910 384 1974 omnis
398 1909 609 1997 proculdubio
620 1908 849 1996 implebuntur.
887 1909 1231 1994 contingentiammen

277 2010 383 2076 omnis
397 2023 430 2076 et
444 2033 507 2074 non
522 2009 647 2075 evenire
662 2009 813 2096 possibile
826 2022 885 2075 est.
929 2009 1026 2076 Adeo
1047 2009 1179 2095 quidem
1194 2022 1231 2076 ut

277 2113 319 2178 ad
333 2113 540 2179 eveniendum
556 2135 616 2194 res,
627 2133 708 2198 quas
722 2135 797 2178 cum
812 2136 851 2178 eo
865 2112 994 2178 suturas
1005 2115 1231 2200 praenovimus,

278 2213 457 2302 nonmagis
471 2213 580 2300 ipsius,
596 2236 693 2300 quam
716 2227 825 2280 noster
840 2215 928 2280 visus
951 2215 1140 2300 abstringat,
1156 2215 1230 2281 licet

278 2314 320 2379 ab
339 2315 424 2381 illius
446 2315 650 2403 dispositione
672 2315 866 2381 subsistendi
880 2317 1016 2382 sormam
1037 2317 1144 2382 omnio
1166 2340 1231 2382 sor-

279 2417 410 2495 tiantur,
421 2429 581 2504 quatenus
595 2415 679 2480 bona
694 2428 780 2481 sunt.
818 2413 913 2482 Alias
926 2430 1032 2482 sutem
1046 2439 1108 2481 non
1120 2417 1230 2483 formae

279 2517 436 2583 existendi
450 2517 619 2602 imaginem
633 2530 759 2599 gerunt,
775 2516 831 2582 sed
847 2516 1010 2583 defectum
1031 2519 1128 2600 illius,
1141 2542 1232 2585 enor-

278 2617 399 2684 mitatis
428 2640 495 2682 suos
523 2618 604 2682 vitio
634 2630 864 2704 protestantur.
922 2620 1128 2685 Praescientia
1154 2643 1232 2705 ergo

280 2719 375 2784 rebus
389 2741 486 2784 causa
508 2717 674 2782 eveniendi
688 2740 751 2782 non
771 2731 831 2798 est,
844 2731 902 2784 aut
915 2734 1050 2784 eventus
1072 2743 1179 2786 rerum
1203 2723 1233 2785 ei

278 2843 374 2888 cause
401 2833 450 2886 est
481 2818 681 2906 prendendi,
711 2841 750 2883 ne
781 2833 839 2884 sut
872 2820 1095 2907 temporalium
1127 2835 1234 2886 motus

278 2934 407 2988 aeternoe
428 2917 638 3007 providentio
653 2941 749 2984 causa
763 2920 816 2996 sit,
832 2933 889 2986 aut
911 2943 932 2985 a
953 2920 1123 3008 purissimo
1143 2922 1233 2988 sonte

278 3021 433 3090 bonitatis
448 3023 602 3086 malorum
617 3019 775 3108 profluant
791 3021 899 3088 rivuli.
940 3026 1032 3088 Deus
1046 3046 1121 3088 vero
1136 3024 1235 3089 bono-

280 3149 352 3190 rum
382 3123 541 3190 duntaxat
570 3143 683 3188 auctor
711 3135 768 3188 est.
825 3123 921 3202 Quod
953 3146 1028 3189 vero
1056 3124 1090 3190 in
1118 3125 1233 3212 topicis

279 3225 378 3312 vulgo
402 3223 566 3312 objicitur,
590 3223 668 3310 quis
697 3223 883 3306 necessario,
908 3225 935 3290 si
960 3225 1040 3312 quid
1066 3227 1233 3312 proescitur

280 3327 414 3406 eveniet,
426 3325 515 3390 nullo
530 3324 674 3390 veritatis
688 3325 802 3389 robore
817 3324 990 3390 subnixum
1004 3341 1064 3407 est,
1074 3326 1135 3390 nisi
1150 3328 1234 3392 forte

280 3429 375 3494 rebus
402 3428 444 3494 ab
473 3427 560 3492 omni
585 3425 771 3492 necessitate
797 3423 966 3502 absolutis,
991 3425 1122 3490 modurn
1147 3449 1234 3492 com·

281 3528 420 3616 plexioni
448 3529 523 3616 quis
550 3527 684 3604 tribuat,
707 3539 744 3592 ut
774 3526 884 3614 potius
912 3526 1098 3592 necessitate
1127 3551 1236 3594 conse-

281 3629 411 3717 quendi,
433 3653 528 3716 quum
551 3628 775 3715 consequentis
804 3627 978 3715 proposito
1006 3630 1236 3698 enunciationis

283 3732 398 3800 veritas
411 3745 543 3798 constet.
588 3731 657 3796 Nec
672 3753 723 3795 me
740 3729 889 3808 arctabis,
912 3744 948 3796 ut
972 3730 1044 3796 licet
1065 3732 1235 3820 disposita·

281 3855 351 3899 rum
367 3855 487 3913 rerum,
499 3832 684 3900 mutabilem
699 3832 801 3898 l'atear
815 3855 883 3897 esse
896 3841 1056 3910 naturam,
1071 3835 1234 3900 scientiam

282 3936 478 4024 disponentis
486 3937 529 4002 ob
539 3937 599 4002 boc
607 3935 710 4002 dicam
720 3957 787 4000 esse
797 3934 1000 4014 mutabilem
1015 3959 1116 4022 quum
1124 3958 1236 4006 moun.

281 4037 357 4106 dum
373 4037 475 4127 ipsius
489 4038 631 4104 veritatis
645 4059 796 4102 amanum
818 4037 853 4118 (J
854 4037 1012 4104 ohannem
1025 4038 1130 4104 filium
1152 4044 1235 4109 toni-

282 4141 348 4206 trui
361 4141 488 4228 loquor)
504 4139 579 4206 fidei
595 4153 729 4220 constet,
745 4137 821 4226 quis
835 4153 1085 4227 quantacunque
1100 4143 1141 4210 sit
1156 4145 1237 4211 labi-

283 4241 356 4308 litas
371 4244 612 4330 subjectorum
643 4241 731 4330 quod
747 4241 871 4308 iactum
893 4255 941 4308 est
959 4243 993 4307 io
1016 4265 1055 4306 co
1069 4244 1135 4310 vita
1156 4259 1237 4325 erat,

280 4365 341 4432 per
355 4365 452 4430 quern
466 4344 551 4412 facta
566 4357 642 4412 suut
654 4343 810 4412 universa
849 4343 934 4429 EJ'us
947 4346 1058 4428 itaque
1072 4344 1239 4432 dispositio

330 4465 404 4512 vot..
421 4465 471 4512 111.
757 4463 769 4507 1
