3425 5367
458 743 518 806 158
722 754 856 803 Joaums
873 710 1145 804 sanmnnmuusrs
1268 735 1352 815 [mn.
1369 753 1408 802 n.

518 994 595 1079 Cap.
613 994 665 1062 29.
687 993 740 1060 De
755 995 913 1076 Physicis,
933 992 1107 1068 Tdooricio
1122 1001 1154 1056 cl
1170 993 1344 1057 Practicia.

497 1138 603 1199 LIcnr
626 1147 731 1199 tamen
744 1145 782 1200 ut
798 1133 838 1198 de
863 1134 984 1198 suturis
1007 1131 1124 1220 aliquis
1147 1133 1345 1211 consulatur,
1359 1133 1406 1199 ita

453 1235 593 1322 quidem,
621 1237 647 1302 si
676 1249 733 1302 aut
764 1237 878 1323 spiritu
914 1234 1033 1322 polleat
1062 1235 1250 1321 prophetiae,
1280 1249 1336 1301 aut
1365 1261 1405 1302 ex

358 1333 362 1341 ’
451 1337 650 1402 naturalibus
685 1337 793 1423 siguis,
823 1335 902 1422 qnid
935 1335 968 1398 in
999 1335 1186 1422 corporibus
1221 1336 1404 1402 animalium

451 1439 587 1518 eveniat,
602 1440 735 1527 physica
754 1440 887 1504 docente
906 1439 1074 1522 cognovit:
1098 1452 1155 1504 aut
1171 1441 1197 1503 si
1212 1439 1402 1526 qualitatem

451 1541 602 1626 temporis
616 1541 820 1617 imminentia,
831 1539 1121 1626 experimentorum
1132 1541 1259 1606 indiciis
1269 1541 1403 1626 colligit.

451 1641 540 1706 Dum
566 1653 671 1707 tamen
697 1643 746 1708 his
774 1641 1003 1729 posterioribus
1027 1664 1230 1728 nequaquam
1257 1643 1333 1729 quis
1356 1643 1403 1708 ita

449 1765 560 1808 aurem
575 1745 801 1822 accommodet,
817 1756 854 1809 ut
870 1743 956 1819 fidei,
972 1755 1026 1810 aut
1041 1738 1188 1829 religioni
1203 1745 1403 1832 praejudicet.

451 1845 514 1910 Sed
529 1869 587 1911 nec
601 1847 693 1935 primi
706 1847 857 1912 audiendi
868 1858 952 1930 sunt,
964 1845 1024 1910 nisi
1034 1846 1067 1910 in
1077 1870 1115 1910 eo
1126 1846 1214 1934 quod
1224 1847 1403 1935 loquuntur

448 1965 468 2007 a
483 1945 632 2026 Domino,
648 1946 733 2032 quod
749 1967 915 2032 nunquam
928 1944 1112 2030 religionem
1126 1946 1310 2032 impugnat,
1324 1949 1403 2033 quia

448 2065 558 2110 verum
575 2071 651 2112 vero
665 2049 777 2134 nequit
792 2071 859 2112 esse
876 2049 1082 2126 contrarium,
1097 2071 1155 2112 nec
1169 2049 1290 2113 bonum
1307 2049 1403 2114 bono.

447 2150 492 2212 At
503 2148 626 2234 physici
635 2149 713 2216 dum
724 2165 848 2214 naturae
860 2148 991 2213 nimium
1002 2149 1200 2216 auctoritatis
1206 2151 1401 2227 attribuunt,

447 2247 480 2310 in
510 2261 671 2314 auctorem
701 2265 835 2327 naturae,
866 2251 1064 2317 adversando
1092 2251 1179 2328 fidei,
1210 2251 1401 2338 plerumque

447 2348 639 2434 impingunt.
685 2355 761 2417 Nou
791 2351 874 2416 enim
904 2373 1013 2415 omnes
1041 2351 1156 2416 erroris
1185 2373 1299 2437 arguo,
1325 2352 1400 2416 licet

446 2447 603 2534 plurimos
627 2451 793 2529 audierim,
815 2453 855 2517 de
876 2452 991 2531 anima,
1008 2452 1049 2516 de
1072 2451 1247 2518 virtutibus
1271 2465 1304 2517 et
1322 2475 1401 2536 ope·

446 2550 536 2616 ribus
558 2552 639 2639 ejus,
655 2553 696 2618 de
717 2566 890 2637 augmento
909 2554 1051 2640 corporis
1072 2565 1105 2618 et
1125 2553 1344 2629 diminutione,
1358 2552 1400 2617 da

445 2653 674 2719 resurrectione
686 2655 837 2742 ejusdem,
847 2656 888 2720 de
899 2655 1057 2720 creatione
1069 2677 1189 2732 rerum,
1200 2654 1293 2720 aliter
1301 2676 1398 2740 quam
1485 2683 1489 2688 ·

446 2752 525 2818 fides
547 2754 673 2834 habeat,
689 2756 901 2844 disputantes.
947 2759 998 2822 De
1018 2758 1089 2843 ipso
1110 2779 1240 2844 quoque
1263 2757 1335 2819 Deo
1349 2754 1398 2818 iu-

446 2856 573 2920 terdum
588 2857 635 2924 ita
649 2858 837 2944 loquuntur,

567 2963 569 2968 ’
593 2968 633 3020 Ut
645 2969 668 3020 si
680 2969 817 3036 terrigenae
828 2974 960 3022 tentarent
971 2971 1042 3020 asna
1053 2967 1185 3034 gigantes,

443 3073 476 3124 et
492 3061 576 3125 inani
591 3074 707 3124 conatu
724 3084 794 3126 cum
812 3061 986 3140 Encelado,
998 3073 1035 3124 ut
1050 3063 1096 3124 eis
1106 3065 1214 3127 AEtnae
1225 3084 1306 3127 onus
1316 3060 1397 3146 igni-

443 3160 544 3224 fluum
561 3162 754 3246 imponatur,
764 3162 895 3248 cupiant
905 3160 1087 3247 promereri.
1121 3161 1185 3225 Sed
1195 3161 1227 3224 in
1243 3162 1293 3225 his
1307 3161 1396 3227 facile

442 3262 507 3328 labi
529 3275 673 3349 possunt,
696 3262 773 3350 quia
794 3263 1036 3350 quanticunque
1057 3262 1177 3348 ingenii
1199 3261 1293 3342 vires,
1314 3267 1397 3328 eitra

442 3364 693 3452 profunditatem
715 3365 923 3442 difficultatis,
939 3387 1014 3452 quae
1031 3365 1063 3428 in
1087 3363 1137 3428 his
1158 3360 1303 3437 vertitur,
1320 3365 1398 3428 sub-

370 3459 376 3466 *
442 3467 570 3534 sistunt.
615 3468 683 3532 Ubi
713 3492 789 3533 vero
818 3467 925 3532 delicit
954 3466 1144 3544 intellectus,
1169 3461 1245 3526 fidei
1270 3462 1395 3530 ratione

441 3568 590 3645 deducta,
613 3593 687 3654 quae
707 3569 811 3633 media
831 3581 891 3644 est,
910 3579 1010 3632 restat
1034 3569 1101 3629 sola
1121 3564 1238 3650 opinio.
1284 3566 1392 3642 Quum

441 3691 517 3732 vero
536 3669 577 3731 de
596 3669 800 3733 inferioribus
822 3667 990 3754 quaritur,
1010 3678 1091 3754 puta
1112 3666 1153 3730 de
1175 3666 1393 3753 complexione

440 3769 595 3846 animalis,
618 3769 659 3834 de
681 3793 776 3834 causa
797 3782 829 3834 et
856 3791 934 3833 cura
957 3768 1169 3854 aegritudinis,
1191 3769 1238 3833 eis
1262 3768 1391 3833 omuino

439 3871 518 3936 nihil
536 3872 634 3947 deest,
649 3883 767 3957 praeter
787 3872 935 3937 effectum
956 3870 1071 3958 operis,
1092 3871 1118 3935 si
1137 3871 1166 3935 is
1179 3870 1391 3935 desideratur.

439 3975 485 4039 Et
508 3975 637 4060 quidem
660 3974 804 4050 theorici,
827 3973 983 4062 quicquid
1002 3996 1095 4038 suum
1120 3984 1179 4049 est,
1198 3973 1332 4048 faciunt,
1358 3982 1391 4036 et

438 4078 518 4140 forte
532 4097 592 4160 pro
606 4096 711 4138 amore
726 4085 783 4139 tuo
803 4073 941 4161 amplius
960 4075 1148 4160 erogabunt,
1162 4085 1195 4138 et
1210 4073 1251 4137 ab
1266 4073 1312 4138 eis
1326 4072 1390 4136 sin·

437 4175 585 4261 gularum
601 4197 707 4240 rerum
722 4198 832 4240 causas
847 4189 878 4240 et
899 4188 1029 4241 naturae
1050 4175 1204 4261 accipies;
1232 4172 1388 4249 sanitatis,

436 4275 648 4363 aegritudinis,
677 4289 709 4341 et
738 4276 960 4354 neutralitatis,
990 4298 1133 4340 censores
1157 4288 1244 4340 suut.
1300 4275 1390 4338 Dant

438 4380 604 4444 sanitatem
621 4379 717 4444 verbo
734 4391 836 4460 tenus,
851 4390 883 4444 et
898 4391 1096 4444 conservant.
1140 4376 1393 4443 Neutrelitatem
