3425 5367
302 738 373 784 car.
388 717 458 800 xa]
637 734 892 780 marcasrrcos.
1186 716 1248 773 82⁷

303 911 390 953 num.
435 889 470 953 Si
494 887 676 972 quempiam
703 886 915 950 calumniatus
944 906 1025 964 sum,
1049 885 1076 947 si
1106 881 1251 967 oppressi

303 990 451 1072 aliquem.
498 985 670 1050 Neminem
698 987 815 1071 injuste
845 994 1026 1063 vexaverat,
1054 984 1110 1069 qui
1139 1002 1251 1047 omues

303 1091 479 1154 calumnias
493 1087 698 1168 excludebat,
713 1109 773 1152 nec
787 1087 949 1171 judicium
969 1086 1038 1171 ejus
1052 1084 1253 1170 pervertebat

304 1211 379 1253 caro
394 1192 445 1253 vel
459 1188 600 1270 sanguis,
617 1190 674 1272 qui
692 1190 815 1251 nullum
838 1208 980 1271 unquam
1003 1186 1171 1271 oppressit.
1216 1182 1253 1247 Si

305 1288 974 1372 eniminmanusejusquisquaminciderat,
982 1308 1049 1351 non
1058 1308 1133 1351 eum
1138 1287 1254 1371 judex,

305 1391 364 1454 sed
378 1390 508 1474 propria
520 1387 672 1472 iniquitas
683 1390 894 1472 opprimebat
932 1390 967 1451 Si
982 1389 1022 1452 de
1036 1410 1134 1452 manu
1149 1388 1254 1471 cujus-

305 1511 401 1574 quam
409 1511 527 1553 munus
535 1488 1068 1573 accepi‚contemuamilludbodie,
1076 1488 1256 1551 restituam-

305 1612 368 1673 que
379 1590 482 1653 vobis.
517 1589 603 1661 Quid
612 1610 723 1672 quaeso
732 1589 917 1672 expressius
927 1589 992 1652 dici
1001 1586 1142 1672 poterat?
1166 1587 1256 1651 Utin

306 1710 431 1753 summa
456 1710 584 1752 omnem
607 1689 746 1753 avaritiae
771 1686 988 1773 suspicionem
1011 1692 1114 1768 tollat,
1136 1688 1257 1751 nullius

306 1790 448 1853 muneris
479 1789 709 1853 conscientiam
744 1790 841 1854 docet
873 1811 907 1854 se
939 1790 1100 1869 habuisse,
1129 1800 1258 1873 paratus

307 1902 512 1955 contemnere
526 1904 560 1956 et
572 1892 748 1966 restituere,
759 1892 787 1955 si
802 1892 880 1975 qnid
895 1892 1025 1955 omuino
1040 1889 1129 1973 exigi
1139 1902 1257 1974 posset.

308 1992 455 2055 Malebat
468 1991 552 2054 enim
566 1988 648 2054 illud
662 1990 828 2055 restituere
842 1991 876 2053 in
891 1991 1053 2073 praesenti,
1069 2010 1165 2073 quam
1184 2009 1259 2053 cum

307 2090 412 2155 usuris
433 2090 565 2154 reddere
587 2090 623 2153 in
643 2090 759 2164 futuro,
774 2098 807 2152 et
825 2098 1030 2153 contemnere
1052 2089 1133 2153 illud
1152 2088 1260 2166 hodie,

308 2192 409 2256 satius
423 2190 602 2275 judicabat,
623 2211 721 2273 quam
739 2187 774 2252 in
793 2199 971 2274 conspectu
986 2190 1051 2254 Dei
1070 2198 1104 2254 et
1117 2189 1259 2253 omnium

307 2295 494 2370 electorum,
507 2312 551 2354 ex
570 2312 609 2354 ea
630 2312 727 2354 causa
745 2292 781 2353 iu
803 2313 906 2355 aevum
928 2292 1181 2375 contemptibilis
1204 2313 1260 2375 ap·

308 2413 427 2476 parere.
473 2390 539 2455 Sed
563 2390 643 2474 quid
665 2390 707 2453 ad
729 2390 814 2454 banc
837 2392 1099 2455 constitutionem
1121 2393 1190 2479 ejus
1211 2414 1261 2457 re·

309 2492 441 2576 spondit
454 2490 601 2554 auditor?
630 2490 729 2555 Audi.
758 2492 805 2555 Et
828 2491 989 2555 dixerunt.
1019 2491 1106 2565 Qui?
1138 2492 1261 2575 Utique

309 2600 397 2655 totus
425 2590 536 2653 Israel.
590 2590 676 2653 Nam
704 2589 746 2653 ad
780 2611 892 2653 omues
929 2612 1054 2655 sermon
1089 2590 1261 2657 direxerat.

311 2690 389 2754 Non
413 2710 449 2752 es
475 2689 686 2753 calumniatus
710 2710 781 2763 nos,
804 2710 911 2773 neque
936 2691 1137 2774 oppressisti,
1157 2711 1263 2775 neque

311 2789 412 2853 tulisti
426 2787 468 2853 de
481 2809 581 2853 manu
594 2789 728 2874 alicujus
743 2790 920 2873 quippiam.
966 2791 1001 2855 si
1028 2792 1102 2874 quis
1126 2812 1263 2876 procon-

310 2889 427 2966 sulum,
447 2888 673 2971 praesidumve,
693 2898 749 2953 ant
778 2890 934 2969 tribunus,
954 2900 1009 2955 aut
1029 2893 1187 2969 centurio,
1207 2890 1263 2955 de·

310 2990 450 3069 curiose,
477 3001 533 3053 aut
555 2990 686 3053 omuino
710 2990 829 3075 aliquis
858 2992 1062 3075 magistratus
1085 2994 1149 3057 tale
1173 2992 1262 3057 testi-

311 3090 455 3155 monium
470 3111 489 3153 a
502 3090 752 3173 provincialibus
764 3091 893 3172 meruit,
907 3090 949 3157 ad
974 3092 1172 3177 provinciam
1188 3114 1263 3157 nos·

311 3204 392 3257 tram
408 3212 519 3276 quasso
533 3192 679 3270 accedat,
701 3202 739 3257 ut
762 3204 889 3257 nostros
914 3194 1029 3258 doceat
1054 3195 1264 3276 magistratus

313 3295 400 3359 Nam
414 3292 455 3357 de
481 3292 737 3373 vicecomitibus,
759 3304 793 3357 et
810 3293 955 3378 justitiis,
980 3316 1062 3377 qua,
1085 3306 1121 3358 ut
1143 3294 1265 3377 vulgari

313 3405 510 3473 nostroutar,
522 3404 606 3459 recte
615 3394 1047 3475 dimnmrrnmamanihil
1057 3398 1120 3461 tale
1129 3395 1267 3475 auditur,

313 3517 353 3561 eo
368 3495 456 3579 quod
475 3495 615 3577 diligunt
628 3517 772 3576 munera,
786 3508 818 3561 et
838 3507 1013 3581 sequuntur
1034 3495 1267 3575 retributiones,

313 3617 375 3661 nec
390 3597 527 3661 liberant
550 3617 725 3681 pauperem
749 3618 770 3661 a
792 3606 934 3681 potente,
949 3597 1082 3662 advenas
1097 3608 1130 3662 et
1143 3596 1266 3682 pupillo

314 3718 380 3761 non
410 3696 571 3780 judicant,
598 3709 632 3761 et
660 3719 760 3763 cansa
792 3698 898 3763 vidue
926 3719 992 3763 non
1020 3698 1198 3781 ingreditur
1224 3696 1267 3763 ad

315 3816 381 3861 eos.
424 3798 523 3861 Porro
544 3818 606 3861 nec
622 3797 751 3883 judices
772 3800 987 3862 ecclesiastici
1009 3810 1185 3881 sequuntur
1208 3798 1266 3861 Se

315 3899 464 3973 moelem,
490 3897 549 3963 sed
573 3900 658 3963 siout
689 3900 841 3982 populns,
877 3899 922 3961 sic
956 3908 989 3961 et
1023 3897 1182 3961 sacerdos.
1227 3899 1268 3960 In

316 4018 485 4063 commune
510 3998 719 4081 conqueritur
742 3993 919 4081 sapientia:
974 3996 1138 4061 Tenentes
1163 3998 1268 4079 legem

316 4098 499 4163 nescienmt
512 4120 583 4164 me:
599 4098 764 4182 principes
777 4098 854 4161 facti
869 4107 956 4176 mut,
970 4108 1002 4161 et
1027 4118 1088 4180 ego
1112 4097 1268 4179 ignoravi.

318 4198 415 4271 Quod
436 4208 473 4263 ut
494 4201 536 4263 ab
561 4199 785 4264 humilioribus
807 4198 940 4282 liqueat,
964 4199 1019 4281 qui
1046 4198 1162 4264 dacaru
1185 4210 1270 4277 sunt,

319 4299 369 4363 vel
398 4297 629 4379 archidiaconi,
656 4300 720 4363 nisi
752 4298 812 4378 illi,
835 4308 872 4363 ut
901 4298 1012 4365 Simon
1041 4312 1149 4365 noster
1173 4319 1269 4363 vene·
