3425 5367
313 764 383 810 cae.
399 749 470 827 su]
687 760 942 810 mercatrices.
1202 750 1265 811 828

312 916 507 999 qualitatem.
550 916 644 980 Lioet
667 916 753 980 enim
778 918 990 999 patrocinium
1010 916 1133 1000 justum
1158 920 1262 1000 possit

184 1010 199 1020 ’
311 1016 450 1079 vendere
464 1016 647 1096 advocatos,
662 1025 697 1080 et
715 1017 836 1100 peritus
851 1016 936 1099 juris
952 1036 1064 1080 sanum
1079 1016 1261 1099 consilium,

167 1137 193 1149 ··
306 1116 464 1202 judicium
480 1116 618 1182 vendere
633 1118 843 1181 omniuouon
857 1118 941 1180 lieet.
980 1116 1097 1181 Cicero
1111 1138 1212 1200 quum
1225 1118 1261 1181 in

312 1217 439 1282 Palatio
452 1217 584 1281 domum
597 1218 699 1281 vellet
710 1238 827 1291 emere,
838 1227 872 1280 et
885 1218 1055 1300 peeuuiem
1070 1216 1105 1279 in
1120 1236 1261 1300 praesens

170 1318 190 1356 ²
311 1340 379 1383 non
396 1320 538 1396 haberet,
557 1340 579 1383 e
597 1318 687 1402 Syllo
704 1318 762 1402 qui
778 1328 856 1381 tune
876 1338 951 1381 reus
971 1328 1049 1390 erat,
1063 1328 1176 1381 mutuo
1195 1340 1261 1383 ses·

149 1420 184 1458 ’ἔ
310 1420 440 1483 tertium
453 1420 552 1483 violes
561 1420 660 1483 tacite
672 1419 807 1501 aceepit
843 1419 896 1481 Ee
910 1438 961 1481 res
974 1418 1162 1502 priusquam
1176 1440 1262 1483 eme·

163 1524 173 1531 '
311 1530 408 1598 retur,
427 1520 557 1604 prodita
573 1529 634 1594 est,
654 1529 688 1583 et
708 1518 745 1581 iu
765 1519 882 1600 vulgus
901 1517 1014 1596 exivit,
1035 1518 1261 1602 objectumque

145 1626 171 1662 -'
311 1632 362 1685 est
382 1622 425 1699 ei,
447 1620 536 1705 quod
556 1621 728 1704 pecuniam
746 1618 862 1683 domus
881 1618 1027 1682 emsnde
1048 1638 1147 1683 eausa
1167 1640 1188 1681 a
1206 1640 1261 1683 reo

150 1729 171 1738 '
310 1723 501 1805 eeoepioeet.
555 1722 652 1785 Tune
682 1720 798 1784 Cicero
822 1720 992 1803 inopinata
1018 1720 1262 1803 exprobratione

131 1830 164 1866 -ῑ
278 1890 287 1900 ‚
309 1834 484 1907 permotus,
495 1822 660 1905 aeoepisse
674 1842 709 1885 se
722 1820 863 1905 negarit,
873 1819 986 1884 dicens
1000 1842 1035 1884 se
1050 1819 1180 1883 domum
1195 1842 1262 1886 non

311 1944 383 1987 esse
405 1934 594 2008 emptorum.
638 1924 746 2006 Atque
770 1922 852 1986 adeo
875 1920 992 1985 fulsum
1016 1934 1065 1986 est
1090 1921 1188 2005 quod,
1211 1922 1261 1985 in·

312 2026 393 2109 quit,
409 2025 560 2109 objicitis,
574 2034 611 2087 ut
629 2044 739 2086 verum
757 2023 802 2087 sit
821 2043 873 2086 mo
896 2022 1066 2105 pecuniam
1086 2024 1260 2107 accepisse,

310 2128 339 2189 si
359 2127 491 2191 domum
510 2144 627 2188 emero.
673 2124 740 2187 Sed
754 2144 855 2207 quom
869 2131 984 2207 postea
997 2123 1137 2201 emisset,
1151 2134 1185 2188 et
1197 2123 1260 2187 hoo

310 2226 516 2292 mendacium
529 2227 563 2289 in
579 2225 701 2291 Senm
714 2226 745 2289 ei
759 2228 801 2289 ab
820 2224 961 2289 inimicis
976 2224 1179 2309 objiceretur,
1192 2225 1262 2289 risit

310 2328 401 2405 satis,
429 2338 525 2411 atque
553 2324 637 2389 inter
669 2324 853 2399 ridendum,
883 2322 1119 2407 Imprudentes,
1146 2324 1263 2407 inquit,

310 2428 458 2493 homines
477 2428 564 2500 ostis,
578 2446 680 2509 quum
693 2425 847 2507 ignoratis
861 2423 1027 2508 prudentis
1040 2436 1073 2489 et
1094 2428 1181 2491 couti
1203 2448 1259 2509 pa·

309 2529 503 2593 mistomilias
515 2548 599 2607 esse,
612 2526 702 2609 quod
722 2546 826 2590 emere
845 2525 934 2604 velit,
949 2546 983 2589 se
998 2538 1177 2611 empusmm
1192 2548 1262 2593 esse

309 2650 437 2712 negare,
454 2638 586 2713 propter
602 2627 828 2712 competitores
841 2626 1022 2710 emptionis.
1066 2627 1122 2691 Sie
1141 2628 1260 2711 itaque,

311 2731 399 2815 quod
419 2730 554 2795 intieiari
575 2750 642 2794 non
664 2738 800 2814 poterut,
821 2731 945 2792 urbano
971 2728 1140 2812 facetoque
1166 2728 1260 2793 diluit

310 2831 409 2905 dicto,
423 2853 490 2895 rem
504 2831 608 2913 magis
621 2828 753 2913 dignam
766 2830 889 2895 feeiens
908 2828 985 2907 risu,
1000 2850 1097 2913 quam
1117 2830 1257 2894 erimine.

310 2931 480 2995 Familiare
504 2928 664 3014 siquidem
688 2929 840 3006 habebat,
861 2938 898 2991 ut
921 2928 1072 3012 quotiens
1096 2929 1260 3014 objectum

310 3042 404 3115 torpe
418 3033 576 3113 abnegare
590 3051 656 3094 non
671 3039 793 3114 posset,
806 3029 1014 3113 responsione
1023 3028 1161 3113 joculmi
1180 3030 1260 3095 illud

310 3132 464 3197 eluderet.
499 3131 742 3217 Amplectendo
756 3130 930 3208 memorie,
943 3140 977 3193 et
989 3129 1153 3195 imitandae
1168 3152 1259 3196 sano·

309 3234 410 3298 titulis
422 3254 565 3296 summm
579 3232 731 3297 Pontifex
745 3232 925 3313 Eugenios,
940 3252 1037 3316 quem
1050 3232 1171 3311 vidisti,
1187 3236 1259 3300 nul·

308 3338 376 3400 lum
390 3334 521 3398 omnino
534 3355 652 3398 munus
670 3334 811 3397 hominis
828 3333 984 3415 litigantis
1004 3334 1191 3417 recipiebat,
1205 3346 1261 3399 aut

309 3438 363 3502 eui
374 3436 467 3501 litem
480 3434 625 3498 crederet
635 3435 811 3499 imminere.
847 3432 946 3498 Unde
961 3454 1061 3518 quum
1074 3434 1109 3496 in
1120 3434 1260 3499 adventu

310 3560 370 3603 sno
392 3536 486 3600 Prior
509 3535 641 3619 quidam
664 3534 803 3600 modium
824 3534 995 3612 facultatis,
1016 3534 1108 3619 cujus
1129 3555 1259 3599 causum

308 3639 455 3703 nondum
478 3637 633 3712 audient,
654 3636 686 3699 ei
708 3658 848 3703 mercam
873 3636 941 3701 euri
965 3634 1136 3701 devotione
1160 3638 1261 3702 multe

308 3743 464 3805 instanter
481 3740 620 3817 offerret,
634 3737 799 3817 Nondum,
812 3738 931 3823 iuquit,
943 3736 1077 3801 domum
1098 3738 1260 3821 ingressus

308 3863 356 3919 es,
368 3853 402 3904 et
413 3840 484 3923 jam
498 3839 547 3901 ris
566 3860 766 3921 oomrmpore
785 3837 973 3903 domiuum?
1011 3838 1258 3921 Corruptiouem

307 3962 447 4026 namque
476 3941 524 4004 rit
551 3953 681 4005 sanetus
709 3939 856 4016 credidit,
881 3938 1040 4022 quiequid
1068 3940 1259 4003 offerebatur

235 4043 248 4057 ”
303 4044 410 4129 judici
428 4043 485 4107 lite
503 4041 677 4128 pendente.
721 4039 905 4104 Bernardus
927 4039 1172 4105 Clererallensis
1190 4062 1258 4105 mo·

309 4144 445 4223 naeuus,
464 4154 500 4208 et
518 4153 699 4207 sanctorum
721 4141 850 4207 Cmmso
876 4150 910 4205 et
930 4140 1080 4205 Damiani
1102 4138 1259 4207 diaeonus

308 4246 494 4323 cardinalis,
514 4246 636 4331 Rome
664 4244 786 4325 degens
812 4242 848 4305 in
883 4242 1021 4307 excelsis
1056 4242 1259 4325 singulariter

310 4348 478 4426 habitarit,
492 4348 662 4412 excutiens
679 4366 794 4411 manus
814 4366 890 4411 sons
904 4346 946 4411 ab
961 4345 1048 4409 omni
1068 4366 1210 4425 munere,
1224 4358 1260 4411 ut

750 4466 769 4508 v
794 4453 815 4509 2
