3425 5367
311 744 381 790 car.
396 728 457 807 vn]
666 740 921 787 ronrcnamcus.
1199 726 1261 782 27⁷

312 1038 392 1121 Cap.
409 1041 440 1100 6.
463 1036 516 1099 De
533 1036 685 1117 principe
706 1035 763 1116 qul
784 1039 885 1113 caput
905 1038 952 1094 est
973 1032 1161 1113 reipublice,
1177 1036 1208 1092 et
1227 1030 1265 1093 da

354 1137 504 1199 electione
524 1136 606 1214 ejus,
626 1141 657 1198 et
678 1135 864 1216 privilegiis,
880 1141 911 1195 et
929 1134 1065 1213 pecarnis
1085 1133 1217 1194 virtutis
1235 1136 1267 1193 et

355 1239 483 1319 σαίρω
507 1242 539 1299 et
552 1236 637 1317 quod
655 1236 782 1299 matum
802 1235 863 1297 Job
884 1233 993 1297 debeat
1013 1236 1155 1298 imitari:
1177 1232 1267 1296 etde

356 1335 534 1400 uirtutibus
548 1336 633 1398 beati
644 1336 713 1398 Jod.

335 1496 536 1562 ‘Sncurrua
560 1504 599 1557 ut
621 1492 691 1577 ejus
713 1490 874 1555 imitantes
896 1489 1030 1574 vestigia
1051 1490 1091 1553 de
1117 1488 1266 1555 membris

318 1594 518 1681 Reipublicae
538 1593 759 1680 despiciamus.
804 1592 935 1657 Dictum
958 1605 1005 1655 est
1025 1604 1130 1657 autem
1151 1592 1268 1678 princi·

315 1719 389 1780 pem
405 1696 509 1761 locum
531 1695 676 1761 obtinere
697 1692 821 1779 capitis,
835 1704 868 1755 et
891 1694 946 1777 qui
967 1690 1065 1755 solius
1085 1690 1200 1755 mentis
1221 1714 1268 1755 re·

316 1811 413 1885 gatur
435 1796 579 1862 arbitrio.
632 1799 731 1861 Hunc
754 1798 878 1881 itaque,
906 1806 943 1857 ut
965 1793 1033 1879 jam
1060 1792 1181 1857 dictum
1209 1807 1268 1871 est,

317 1900 484 1987 dispositio
498 1899 608 1963 divina
621 1900 654 1963 in
670 1922 742 1965 arce
759 1896 942 1985 reipublicae
956 1896 1133 1979 collocavit,
1148 1911 1180 1965 et
1195 1920 1267 1961 eum

318 2026 405 2067 nunc
418 2024 533 2067 arcano
547 2000 757 2088 providentie
772 2022 839 2065 sure
861 2001 1024 2085 mysterio,
1046 2000 1169 2065 caeteris
1190 2022 1271 2087 prae-

318 2105 392 2186 fert,
406 2126 491 2169 nunc
505 2104 598 2190 quasi
614 2125 743 2168 suorum
760 2101 885 2189 judicio
900 2102 1113 2181 sacerdotum,
1128 2124 1212 2166 nunc
1227 2102 1269 2167 ad

318 2228 390 2271 eum
420 2204 658 2293 praeficiendum
689 2208 791 2270 totius
820 2203 932 2291 populi
963 2216 1038 2269 vota
1068 2218 1272 2271 concurrunt.

319 2308 417 2373 Unde
437 2322 471 2373 et
492 2308 525 2371 in
541 2307 639 2371 veteri
663 2310 869 2371 Testamento
891 2305 1020 2389 legitur,
1044 2306 1122 2391 quia
1143 2310 1273 2393 Moyses

319 2410 526 2475 ordinaturus
545 2430 631 2483 eum,
647 2407 704 2493 qui
718 2420 868 2493 praeesset
888 2406 920 2469 in
941 2406 1073 2493 populo,
1088 2410 1273 2473 convocavit

319 2532 444 2574 omnem
468 2530 674 2593 synagogam,
691 2520 728 2571 ut
751 2506 921 2593 eligeretur
943 2519 1067 2572 astante
1087 2506 1217 2593 populo,
1233 2531 1272 2573 ne

322 2632 388 2696 qua
396 2606 598 2695 postmodum
609 2606 792 2673 retractatio
801 2605 963 2693 cuiquam,
973 2628 1013 2669 ne
1023 2606 1095 2691 quis
1104 2607 1274 2692 scrupulus

321 2710 484 2777 resideret.
530 2709 665 2795 Legitur
686 2712 719 2774 in
743 2708 825 2773 libro
847 2711 985 2791 Regum,
1004 2706 1092 2794 quod
1116 2709 1194 2775 Saul
1217 2730 1274 2773 rex

323 2814 466 2889 iuturus,
481 2834 638 2899 apparens
651 2814 685 2877 in
699 2810 780 2875 facie
798 2808 922 2895 populi,
936 2810 977 2874 ab
992 2810 1134 2875 humeris
1148 2834 1274 2877 sursum

324 2913 579 3003 supereminebat
601 2916 785 2979 universum
811 2914 978 2998 populum.
1024 2914 1131 2987 Quare
1154 2937 1276 2999 quaeso,

324 3016 383 3081 nisi
399 3015 477 3103 quia
490 3036 585 3102 quem
601 3027 728 3101 oportet
743 3036 878 3101 proeesse
893 3012 974 3091 aliis,
990 3026 1118 3099 pectore
1132 3014 1228 3082 debet
1243 3030 1276 3083 et

323 3141 378 3183 ore
392 3118 583 3205 prominere,
597 3130 634 3183 ut
649 3117 742 3205 quasi
756 3116 914 3181 bonorum
930 3138 1062 3202 operum
1079 3116 1163 3183 ulnis
1178 3119 1278 3183 totius

324 3217 436 3307 populi
465 3218 669 3283 latitudinem
704 3216 880 3304 amplexari
908 3216 1023 3293 valeat,
1047 3230 1080 3283 et
1109 3232 1276 3305 protegere

325 3334 477 3407 tanquam
505 3320 640 3397 doctior,
664 3323 813 3395 sanctior,
838 3318 1108 3404 circumspectior,
1133 3333 1166 3385 et
1191 3322 1276 3385 omni

326 3423 442 3488 virtute
456 3422 678 3508 prestantior?
702 3421 791 3487 Dicit
805 3421 889 3487 enim
901 3420 1058 3486 Dominus
1069 3421 1110 3485 ad
1125 3422 1276 3508 Moysen:

326 3529 461 3591 Assume
474 3524 516 3591 ad
532 3524 734 3611 temetipsum
746 3526 861 3589 «Iesum
878 3523 979 3587 filium
997 3523 1109 3605 Navae,
1119 3524 1278 3591 hominem

327 3626 384 3712 qui
413 3625 509 3692 habet
540 3626 696 3713 Spiritum
723 3626 785 3693 Dei
810 3626 844 3691 in
870 3624 1050 3711 semetipso,
1076 3638 1108 3691 et
1137 3625 1280 3713 impones

327 3749 439 3793 manus
465 3740 536 3795 tuas
562 3751 659 3817 super
679 3750 764 3805 eum,
786 3742 819 3794 et
841 3742 963 3794 statues
988 3750 1093 3793 coram
1123 3730 1280 3795 Eleazaro

327 3828 500 3906 secerdote,
523 3842 556 3895 et
582 3844 742 3917 praecepta
768 3832 797 3894 ei
822 3830 899 3895 dato
922 3829 954 3893 in
981 3843 1152 3915 conspectu
1182 3833 1281 3897 totius

328 3953 510 4018 synagogae,
534 3944 567 3997 et
590 3933 729 4019 praecipe
754 3932 795 3997 de
824 3932 895 4018 ipso
920 3952 1025 3995 coram
1048 3930 1104 4007 eis,
1131 3944 1162 3997 et
1188 3932 1281 3999 dabis

328 4030 504 4097 claritatem
527 4044 616 4097 tuam
639 4054 736 4118 super
760 4031 863 4111 illum,
888 4043 926 4095 ut
951 4030 1084 4096 audiant
1107 4030 1197 4099 illum
1223 4034 1281 4099 filii

332 4132 441 4197 lsrael.
487 4134 591 4199 Audis
612 4134 776 4199 evidenter
796 4134 1028 4199 ordinationem
1051 4133 1202 4223 principis
1224 4158 1281 4223 po·

329 4233 399 4319 puli
422 4248 487 4301 tam
511 4237 677 4303 manifeste
698 4236 902 4321 descriptam,
925 4246 962 4299 ut
984 4257 1063 4321 pene
1086 4237 1284 4322 expositione

331 4355 394 4399 non
417 4348 522 4419 egeat.
570 4338 604 4401 si
626 4358 694 4401 eam
718 4350 823 4401 tamen
847 4332 1043 4399 manifestius
1062 4336 1191 4421 quaeris,
1214 4358 1283 4401 eam
