3425 5367
339 689 408 733 car.
424 671 515 751 nnn]
688 687 943 732 ronvcaarrcus.
1228 674 1290 733 317

341 864 424 919 esse,
446 843 496 905 vel
515 862 572 925 per
590 862 636 918 se,
656 841 706 903 vel
728 861 786 923 per
807 839 947 903 mediam
962 860 1139 923 personam,
1156 840 1222 903 sive
1239 839 1292 924 ju·

341 942 480 1016 dicibus,
492 942 557 1005 sive
568 941 639 1004 aliis
650 941 896 1024 quibuscunque
907 939 1054 1024 personis
1067 961 1125 1023 pro
1138 960 1177 1003 ea
1188 961 1295 1019 causa,

341 1043 488 1127 exceptis
503 1043 565 1117 his,
577 1064 649 1125 quae
665 1042 843 1121 advocatis,
853 1052 886 1105 et
897 1041 1106 1126 quisbusdam
1118 1042 1189 1105 aliis
1199 1042 1295 1105 certis

340 1145 485 1226 personis
500 1143 540 1207 de
555 1144 638 1228 juris
652 1143 853 1225 indulgentia
867 1141 1009 1225 praestari
1024 1143 1110 1207 licet.
1155 1140 1251 1216 Quod
1266 1142 1294 1206 si

341 1257 431 1309 actor
444 1247 491 1309 sic
511 1245 618 1329 jurare
640 1244 842 1321 recusaverit,
857 1245 1011 1309 exclusus
1032 1264 1051 1307 a
1069 1245 1125 1308 lite
1141 1244 1229 1308 cadit
1252 1246 1293 1308 ab

343 1347 482 1425 actione,
495 1355 649 1429 tauquam
669 1345 833 1428 improbus
851 1344 1000 1427 litigator.
1045 1344 1135 1409 Reus
1150 1367 1224 1410 vero
1240 1345 1296 1409 de-

342 1454 480 1508 trectans
500 1445 605 1507 subire
619 1442 846 1526 juramentum,
862 1442 997 1506 habetur
1012 1464 1071 1526 pro
1087 1444 1245 1519 confesso,
1261 1453 1294 1507 et

344 1543 537 1609 sententiam
562 1544 774 1607 damnationis
799 1555 959 1627 expectat.
1005 1542 1070 1607 Sed
1095 1556 1128 1607 et
1150 1544 1212 1627 ipsi
1238 1566 1295 1628 pa·

345 1645 429 1707 troni
451 1664 628 1720 causarum,
649 1665 714 1727 quo
736 1642 862 1705 fidelior
879 1642 983 1727 possit
1002 1664 1072 1707 esse
1092 1643 1298 1722 examinatio,

345 1746 386 1809 ab
412 1745 484 1829 ipsa
506 1746 737 1810 contestatione
761 1744 838 1817 litis,
861 1744 1045 1828 juramento
1070 1754 1230 1809 arctantur
1255 1744 1297 1808 ad

345 1847 507 1910 veritatem
528 1845 687 1922 atridem,
703 1844 852 1929 jurantes
874 1844 1058 1928 quodcum
1079 1847 1168 1909 omni
1183 1847 1298 1911 virtute

346 1969 414 2023 sua,
436 1946 586 2032 omnique
607 1968 681 2029 ope,
700 1946 789 2029 quod
804 1945 929 2031 justum
952 1956 984 2010 et
1004 1968 1113 2010 verum
1135 1949 1298 2011 examina·

347 2050 461 2128 verint,
471 2050 643 2114 clientibus
659 2048 726 2111 suis
741 2048 857 2111 inferre
869 2051 1095 2132 procurabunt,
1106 2050 1186 2112 nihil
1202 2048 1301 2114 studii

346 2151 560 2234 relinquentes
580 2160 675 2235 prout
696 2150 813 2233 cuique
832 2151 986 2234 possibile
1007 2161 1076 2227 est;
1099 2162 1131 2214 et
1148 2151 1235 2235 quod
1257 2173 1300 2215 ex

346 2249 505 2313 industria
519 2271 578 2313 sua
591 2271 657 2314 uon
672 2250 857 2332 protrahent
867 2250 949 2313 lites.
994 2252 1079 2315 Nam
1102 2272 1157 2315 eas
1177 2264 1302 2335 oportet

346 2371 368 2413 a
383 2350 553 2435 judicibus
575 2350 655 2413 infra
676 2350 844 2413 biennium
866 2351 916 2413 vel
938 2350 1110 2414 triennium
1129 2352 1301 2415 terminari.

347 2453 443 2535 Ipsos
468 2472 597 2535 quoque
623 2451 797 2515 advocatos
818 2452 887 2534 pari
909 2450 1132 2516 distributione
1156 2453 1301 2536 partibus

348 2552 544 2637 exaequabit,
569 2553 637 2615 sive
666 2574 722 2616 eos
751 2552 912 2637 petierint,
942 2554 1008 2616 sive
1036 2575 1114 2631 non,
1142 2564 1179 2616 ut
1207 2574 1301 2636 aequo

349 2654 454 2717 Marte
473 2654 574 2738 possit
593 2675 691 2717 causa
711 2653 895 2738 procedere.
944 2655 1027 2717 Haec
1048 2664 1153 2719 autem
1173 2655 1304 2738 paritas,

349 2766 383 2818 et
406 2754 440 2816 in
465 2755 591 2817 virtutis
616 2755 740 2833 merito,
764 2763 797 2817 et
824 2753 991 2818 vivacitate
1017 2755 1153 2839 ingenii,
1175 2754 1302 2819 consilii

349 2854 578 2939 profunditate,
602 2866 634 2919 et
656 2856 809 2939 opinione
832 2854 987 2935 scientiae,
1011 2866 1044 2919 et
1065 2856 1203 2919 nominis
1227 2877 1302 2921 auc·

349 2956 475 3020 toritate
497 2958 656 3036 consistit,
673 2968 710 3021 ut
730 2957 801 3020 brec
822 2957 942 3035 omnia,
957 2957 984 3021 si
1000 2956 1069 3019 fieri
1084 2965 1201 3040 potest,
1216 2956 1304 3041 apud

351 3070 457 3139 partes
482 3056 622 3141 quadam
647 3058 806 3141 equitatis
831 3058 925 3121 lance
947 3058 1114 3119 librentur.
1159 3054 1305 3130 Quodsi

351 3157 447 3221 unius
468 3178 535 3242 prae
557 3158 680 3222 caeteris
701 3170 750 3222 est
773 3158 858 3222 sama
879 3158 1020 3235 hilarior,
1034 3179 1077 3221 ex
1098 3157 1203 3221 officio
1222 3155 1306 3241 judi·
1392 3214 1396 3225 .

351 3258 456 3321 cautis
470 3268 566 3341 prout
585 3260 704 3343 poterit
724 3259 807 3341 parti
829 3257 1016 3323 adversariae
1036 3259 1304 3343 compensabitur.

352 3360 416 3431 Qui
433 3371 538 3423 tamen
557 3359 694 3444 alicujus
715 3360 910 3441 litigatorum
929 3380 1046 3423 arcana
1059 3359 1226 3443 praenovit,
1239 3380 1305 3423 non

352 3461 604 3542 patrocinabitur
631 3460 823 3536 adversario,
848 3460 912 3523 uisi
938 3461 1018 3524 sorte
1050 3461 1129 3525 citra
1153 3460 1306 3525 conveni·

354 3562 474 3626 entiam
493 3562 626 3647 judicis,
647 3562 815 3645 separatim
842 3582 916 3625 cum
944 3562 1091 3645 pluribus
1113 3560 1207 3625 aliter
1225 3570 1305 3626 trac·

353 3663 477 3741 tarerit,
490 3674 526 3726 ut
543 3664 635 3727 alteri
656 3662 742 3746 paris
759 3661 956 3727 defensionis
977 3664 1073 3749 copia
1095 3663 1306 3727 subtrahatur.

356 3762 426 3825 Nec
442 3764 562 3849 estqui
581 3786 601 3827 a
616 3763 729 3849 judice
753 3765 892 3829 monitus
913 3766 983 3828 sine
1005 3766 1213 3829 excusatione
1234 3785 1308 3847 pro·

354 3864 465 3943 babili,
479 3869 581 3948 possit
594 3867 778 3949 cuicunque
800 3866 882 3947 parti
902 3865 1116 3948 patrocinium
1137 3864 1308 3947 denegare,

355 3966 418 4029 nisi
433 3966 535 4030 lorum
549 3966 612 4030 sibi
623 3964 779 4049 praecludi
795 3965 881 4043 velit,
893 3974 927 4027 ut
938 3964 1143 4047 postmodum
1158 3964 1190 4027 iu
1203 3965 1310 4029 causis

357 4068 490 4149 agendis
503 4068 635 4131 minime
648 4065 807 4131 audiatur.
843 4065 878 4128 Si
890 4085 962 4129 vero
977 4066 1203 4150 prevaricatus
1217 4064 1310 4131 luerit

356 4165 541 4245 advocatus,
559 4167 594 4229 iu
615 4166 799 4229 convictum
820 4174 955 4249 oportet,
969 4185 1028 4248 pro
1049 4166 1201 4251 qualitate
1222 4187 1309 4229 com·

361 4266 598 4352 missi,poenam
609 4267 998 4350 gravissimamexercere.
1022 4265 1310 4349 Muuussiquidem
