3425 5367
309 705 377 750 ose.
395 685 455 765 1v.]
658 698 914 746 roaronrrrcns.
1225 690 1267 748 (tt

307 854 417 918 divino
428 876 523 939 super
535 850 715 915 incredulos
723 851 908 914 imminente
920 850 1056 937 judicio,
1068 852 1264 933 acciderunt,

308 978 383 1040 quae
398 956 422 1019 si
437 978 494 1042 per
509 954 647 1038 singula,
658 963 753 1037 prout
769 963 823 1015 aut
840 952 1024 1018 auctoribus
1036 952 1160 1039 digesta
1176 968 1263 1027 sunt,

307 1080 431 1142 coepero
453 1078 609 1133 enarrare,
624 1054 674 1117 rel
693 1052 759 1116 sola
783 1053 850 1119 haec
873 1054 1040 1139 proprium
1063 1066 1191 1139 tempus
1206 1055 1261 1119 de-

307 1156 501 1227 siderabunt.
518 1167 550 1219 et
565 1154 677 1220 otium.
724 1154 830 1217 Pauca
846 1166 951 1217 tamen
967 1172 1098 1218 auctore
1118 1154 1262 1241 Josepho

304 1258 527 1343 compendioso
553 1278 696 1321 sermone
719 1278 915 1341 percurram,
936 1279 974 1319 eo
995 1256 1083 1341 quod
1104 1256 1146 1320 ad
1167 1256 1259 1321 robo-

304 1360 432 1425 rendam
450 1358 544 1422 fidem
561 1371 700 1421 nostram
722 1358 906 1442 proficiunt,
921 1370 952 1421 et
968 1358 1008 1421 ad
1025 1358 1257 1423 retundendam

304 1464 493 1528 obstinatam
510 1463 533 1525 J
536 1461 700 1525 udaeorum
720 1460 894 1546 perfidiam.
933 1460 1154 1544 Quadraginta
1168 1484 1257 1525 nam·

305 1589 380 1652 que,
406 1578 478 1651 post
502 1564 673 1627 admissum
704 1562 877 1648 piaculum,
904 1562 1064 1627 continuis
1094 1577 1258 1649 protracta

306 1668 407 1741 annis,
423 1666 590 1751 impiorum
610 1687 706 1750 poena
721 1663 878 1728 differtur.
925 1665 964 1727 In
988 1664 1107 1749 quibus
1120 1676 1151 1726 et
1169 1666 1258 1749 Apo-

306 1768 379 1833 stoli
394 1790 513 1842 omnes,
529 1766 689 1851 praecipue
710 1778 815 1829 tamen
835 1764 989 1841 Jacobus,
1013 1764 1070 1850 qui
1090 1764 1257 1829 dicebatur

304 1872 403 1936 frater
428 1869 569 1945 Domini,
594 1866 825 1953 Hierosolymis
848 1868 1029 1952 Episcopus
1052 1867 1256 1945 constitutus,

303 1974 516 2039 indesinenter
531 1971 686 2058 populum
707 1970 882 2034 commissae
901 1969 1087 2054 impietatis,
1102 1982 1135 2032 et
1149 1969 1256 2033 feralis

304 2076 383 2155 ausi,
402 2075 443 2139 de
464 2074 581 2137 scelere
600 2072 854 2151 commonebant,
875 2070 901 2135 si
920 2071 1004 2136 forte
1025 2083 1153 2156 possent
1173 2094 1257 2135 com-

304 2178 388 2243 missi
404 2175 636 2264 poenitudinem
653 2198 776 2259 gerere:
795 2174 820 2238 si
832 2187 960 2261 possent
970 2173 1045 2238 llere
1061 2196 1119 2259 pro
1131 2173 1256 2251 scelere,

303 2291 334 2343 et
350 2280 479 2343 ultrices
500 2299 667 2363 poenarum
688 2279 830 2339 flammas
845 2276 1080 2360 lachrymarum
1107 2275 1256 2341 libertate

304 2382 500 2466 restringere.
546 2378 744 2445 Ostendebat
765 2400 903 2463 namque
918 2378 962 2441 eis
983 2378 1073 2440 Deus
1093 2400 1151 2462 per
1165 2402 1254 2442 suam

303 2484 499 2571 patientiam,
528 2479 617 2567 quod
647 2480 789 2565 ipsorum
825 2492 984 2565 quaereret
1012 2479 1255 2565 poeniteutiam;

304 2585 456 2673 quianon
472 2584 542 2649 vult
558 2594 684 2648 tantum
698 2582 787 2645 Deus
802 2595 936 2646 mortem
953 2582 1137 2667 peccatoris,
1153 2606 1254 2669 quan·

303 2700 370 2753 turn
392 2700 428 2753 ut
450 2698 655 2752 convertatur
675 2700 706 2749 et
723 2685 820 2752 vivat.
868 2685 998 2748 Mollire
1018 2698 1125 2749 autem
1147 2686 1253 2749 adhuc

301 2790 416 2854 mentis
445 2811 555 2853 eorum
586 2787 735 2852 duritiam
765 2786 929 2851 nitebatur
958 2787 1066 2850 divina
1095 2788 1253 2872 majestas,

301 2891 400 2975 signis
413 2903 445 2954 et
461 2888 615 2975 prodigiis
634 2889 758 2954 coelitus
779 2888 874 2965 datis,
891 2902 1091 2973 terroresque
1111 2889 1253 2955 simulet

300 2994 452 3057 minacem
466 2991 628 3055 dexteram
640 2992 835 3057 ostendendo
847 2992 1063 3078 potiusquam
1076 2992 1251 3057 inferendo.

300 3097 351 3159 De
363 3094 482 3181 quibus
494 3117 589 3179 supra
601 3094 677 3158 dicti
690 3094 937 3180 historiographi
949 3094 1039 3173 fides,
1052 3107 1087 3158 ut
1102 3094 1135 3159 in
1147 3096 1252 3176 certis,

298 3196 393 3259 etiam
409 3196 440 3259 in
457 3196 516 3258 hoc
534 3193 692 3258 sufficiens
707 3194 777 3258 erit.
815 3195 1010 3281 Relegamus
1024 3218 1101 3280 ergo
1123 3194 1201 3281 quid
1218 3196 1249 3257 in

299 3310 388 3361 sexto
402 3295 605 3360 historiarum
623 3317 753 3359 suarum
769 3294 863 3372 libro,
875 3296 916 3358 de
930 3295 980 3358 his
994 3298 1062 3377 ipse
1078 3296 1250 3379 signaverit

299 3399 467 3485 Josephus.
517 3396 579 3460 Sed
605 3396 773 3470 infelicem,
797 3397 915 3481 inquit,
943 3396 1068 3482 plebem
1096 3394 1249 3458 teterrimi

297 3500 427 3587 quidam
466 3498 620 3573 homines,
650 3511 681 3561 et
712 3497 896 3584 deceptores
924 3496 1004 3560 falsa
1030 3495 1248 3571 vaticinantes,

296 3602 471 3667 suadebant
489 3613 523 3664 ut
539 3599 741 3664 evidentibus
761 3600 858 3683 signis
881 3612 912 3664 et
933 3598 1058 3663 indiciis
1073 3598 1247 3664 iracundiae

296 3718 327 3769 et
343 3702 569 3788 indignationis
589 3701 706 3765 divinae
728 3725 790 3766 non
814 3703 988 3777 crederent,
1005 3701 1125 3788 quibus
1139 3713 1249 3787 aperte

295 3806 442 3869 futurum
466 3817 497 3867 et
521 3802 610 3866 urbis
632 3815 663 3867 et
686 3805 791 3887 gentis
807 3804 1058 3888 praesagiebatur
1077 3802 1247 3866 excidium.

297 3906 359 3970 Sed
386 3905 475 3969 velut
504 3903 602 3968 afflati
631 3916 663 3968 et
689 3915 841 3979 amentes,
870 3917 902 3969 et
927 3904 985 3990 qui
1011 3926 1117 3989 neque
1139 3902 1248 3966 oculos

295 4031 398 4094 neque
414 4007 534 4071 animas
556 4009 588 4071 in
612 4030 643 4070 se
663 4006 828 4085 haberent,
844 4007 1035 4092 spernebant
1057 4005 1162 4069 omnia
1176 4028 1248 4090 quae

293 4110 417 4174 coelitus
431 4108 676 4173 nunciabantur.
715 4109 845 4173 Etenim
862 4109 953 4173 stella
969 4107 1165 4194 praefulgens
1179 4108 1247 4192 gla-

296 4210 350 4273 dio
371 4234 429 4295 per
449 4211 556 4275 omnia
582 4209 702 4287 similis,
723 4210 886 4273 imminere
910 4210 1048 4296 desuper
1068 4210 1200 4284 civitati,
1216 4222 1249 4272 et

294 4326 431 4375 cometes
446 4326 602 4399 praeterea
624 4312 805 4377 exitialibus
827 4312 964 4376 flammis
980 4312 1047 4375 visa
1068 4324 1116 4374 est
1138 4309 1249 4373 ardere

338 4434 410 4477 von.
431 4435 483 4481 111.
772 4434 790 4477 1¹
