3425 5367
475 710 535 770 162
716 725 855 771 nonnius
879 723 1154 776 saansaanruusrs
1275 707 1356 786 [cra.
1374 729 1426 775 111.

473 884 560 938 ratur
581 873 614 938 in
630 873 783 940 universis
804 885 838 940 et
860 873 1000 958 siugulis.
1048 873 1102 938 Sic
1124 885 1158 939 et
1181 874 1272 940 Deus
1286 877 1427 944 animam

472 977 611 1062 perfecte
637 977 808 1060 viventem,
837 987 938 1042 totam
967 987 1112 1062 occupat,
1143 987 1245 1042 totam
1275 980 1425 1065 possidet,

472 1091 585 1164 regnat
599 1091 632 1144 et
653 1080 739 1166 viget
760 1080 792 1144 in
816 1090 891 1144 tota.
938 1078 1057 1145 Nullus
1071 1078 1102 1142 ei
1117 1080 1253 1163 angulus
1275 1094 1427 1169 exceptus

472 1196 529 1250 est.
575 1184 640 1250 Sed
660 1183 738 1271 quid
759 1183 792 1248 in
816 1182 924 1248 anima
945 1182 1099 1267 angulum
1119 1182 1168 1247 vel
1186 1195 1309 1269 partem
1331 1186 1428 1252 dieo?

475 1284 618 1352 Partium
640 1308 753 1372 expers
783 1297 842 1366 est,
865 1284 1079 1371 simplicisque
1109 1295 1245 1364 natura,
1269 1297 1303 1351 et
1330 1289 1428 1354 totius

473 1386 666 1474 duplicitatis
688 1387 807 1473 ignara.
854 1387 965 1452 Partes
980 1397 1088 1452 tamen
1108 1410 1187 1474 quas
1202 1389 1317 1474 potuit,
1332 1391 1392 1455 sibi
1408 1415 1427 1456 a

472 1487 676 1556 distributore
692 1491 847 1556 bonorum
864 1489 1053 1554 vendicavit.
1082 1489 1196 1564 Quas?
1217 1491 1332 1579 inquis.
1356 1494 1427 1558 Vir-

474 1601 559 1658 tutes
581 1592 702 1680 utique,
725 1593 841 1680 quibus
864 1591 951 1677 viget
965 1604 999 1656 et
1020 1603 1180 1678 operatur,
1194 1604 1228 1658 et
1240 1594 1289 1658 sui
1304 1597 1429 1682 experi-

475 1707 620 1760 mentum
638 1696 725 1763 facit.
757 1696 870 1761 Sinon
886 1718 962 1780 ergo
977 1695 1213 1782 multiplicitate
1229 1697 1378 1782 partium,
1394 1711 1427 1766 et

474 1798 660 1884 quantitatis
674 1800 813 1886 quadam
829 1798 1022 1864 distensione
1038 1798 1161 1875 crescit,
1179 1800 1301 1865 ratione
1316 1813 1424 1867 tamen

476 1912 509 1965 et
529 1901 705 1978 intellectu,
721 1901 866 1988 appetitu
886 1901 973 1982 boni,
988 1901 1151 1966 aversione
1166 1903 1254 1982 mali,
1276 1917 1427 1970 manente

475 2003 685 2090 simplicitatis
716 2017 828 2068 natura
855 2003 1018 2068 dilatatur.
1073 2003 1184 2078 Quum
1217 2027 1291 2068 vero
1323 2018 1427 2091 partes
1456 2032 1460 2038 ·

474 2104 548 2170 istas
570 2105 698 2190 spiritus
718 2103 831 2189 implet
856 2104 961 2189 (Deus
982 2105 1068 2168 euim
1093 2105 1220 2190 spiritus
1242 2111 1305 2191 est)
1328 2107 1428 2172 solida

474 2218 507 2272 et
527 2207 668 2294 perlecta
687 2219 736 2272 est
750 2207 815 2272 vita
828 2206 964 2271 animae.
1011 2206 1122 2282 Quum
1138 2207 1224 2271 enim
1248 2209 1428 2275 intellectus

475 2310 594 2386 Deum,
619 2309 674 2398 qui
700 2331 825 2376 summe
854 2310 958 2374 bonus
987 2320 1045 2386 est,
1076 2309 1160 2374 visus
1189 2309 1237 2373 sui
1266 2311 1424 2389 acumine,

474 2425 629 2500 quantum
653 2414 737 2480 valet
759 2424 792 2478 et
813 2413 890 2477 licet
912 2413 1135 2498 apprehendit,
1150 2423 1183 2477 et
1201 2412 1321 2477 bonum
1340 2415 1428 2500 quod

474 2515 528 2582 ille
557 2517 655 2600 videt,
677 2517 860 2610 incorrupta
890 2504 1036 2581 voluntas
1065 2515 1198 2602 appetit,
1226 2526 1260 2580 et
1280 2517 1361 2580 ratio
1383 2541 1424 2582 ne

473 2619 613 2686 declinet
634 2620 675 2686 ad
692 2620 856 2686 dexteram
877 2618 927 2682 vel
950 2617 1119 2699 sinistram,
1135 2617 1190 2704 qui
1213 2639 1289 2682 sano
1311 2618 1426 2682 affectu

472 2723 514 2790 ad
528 2724 649 2790 bonum
659 2723 804 2798 trahitur,
824 2722 906 2788 viam
919 2720 1031 2808 aperit,
1042 2721 1110 2806 jam
1124 2721 1285 2806 quandam
1296 2719 1427 2786 immor·

473 2827 604 2894 talitatis
618 2837 788 2916 assequuta
803 2837 851 2892 est
865 2825 1010 2911 gloriam.
1056 2823 1152 2900 Quod
1173 2823 1254 2888 forte
1272 2823 1341 2908 jam
1356 2846 1428 2888 sen-

472 2929 583 3012 tiebat,
597 2931 652 3018 qui
667 2932 700 2996 in
716 2930 871 2996 suavitate
887 2925 1092 2993 eonscientiae
1107 2949 1174 2991 suoe
1190 2927 1336 2991 dicebat:
1362 2927 1427 2992 Cor

474 3053 594 3114 meum,
616 3043 649 3096 et
670 3053 744 3096 caro
765 3053 838 3096 mea
867 3029 1091 3094 exultaverunt
1113 3029 1146 3092 in
1170 3030 1279 3094 Deum
1309 3029 1426 3094 vivum.

449 3120 452 3130 ¹
478 3132 601 3220 Utique
616 3133 672 3220 qui
686 3133 746 3198 hac
762 3133 813 3198 via
826 3133 949 3197 incedit
963 3154 1027 3196 non
1043 3142 1220 3217 sperat-aut
1239 3133 1427 3211 extimescit,

472 3256 537 3300 non
559 3235 763 3300 contristatur
786 3246 843 3300 aut
869 3234 1018 3299 condolet
1040 3233 1136 3299 alicui
1158 3256 1281 3310 eorum,
1308 3257 1383 3320 quea
1408 3258 1428 3298 a

473 3357 599 3404 summo
619 3349 746 3404 atvero
768 3338 852 3403 bono
874 3338 1054 3402 recedendo
1069 3335 1234 3400 deficiunt.
1280 3335 1324 3398 Et
1346 3336 1428 3402 forte

472 3439 584 3504 fideles
613 3439 735 3504 animas
764 3440 878 3504 invitat
914 3460 1018 3502 sermo
1047 3435 1262 3521 propheticus,
1299 3435 1427 3502 dicens:

475 3539 706 3602 Convertimini
727 3539 769 3602 ad
784 3562 836 3602 me
859 3539 891 3601 in
914 3537 1092 3601 totocorde
1115 3546 1228 3612 vestro,
1253 3548 1289 3601 ut
1304 3537 1427 3605 seilicet

473 3638 605 3720 angelus
626 3639 735 3722 gaudii
764 3651 820 3702 aut
842 3638 996 3714 moeroris,
1027 3637 1149 3702 timoris
1174 3650 1231 3703 aut
1247 3641 1332 3726 spei,
1351 3665 1426 3724 non

471 3749 632 3802 avertatur
646 3761 666 3802 a
676 3738 756 3802 faeie
772 3761 854 3814 mea,
868 3749 900 3802 et
915 3759 997 3802 meae
1008 3760 1072 3803 non
1082 3739 1249 3825 displiceat
1260 3741 1426 3808 voluntati.

474 3841 594 3928 Implet
613 3853 721 3906 autem
741 3842 811 3906 baec
825 3842 891 3908 vita
908 3864 1037 3906 emnem
1060 3853 1250 3921 creaturam,
1266 3845 1342 3931 quia
1356 3845 1424 3910 sine

471 3965 510 4006 ea
525 3943 613 4008 nulla
628 3957 676 4009 est
691 3944 868 4009 substantia
890 3955 1054 4010 ereaturae.
1101 3946 1208 4010 Omne
1231 3947 1318 4010 enim
1339 3948 1425 4034 quod

472 4058 531 4123 est,
551 4047 620 4131 ejus
642 4047 883 4133 participatione
903 4059 952 4118 est
972 4048 1005 4112 id
1028 4048 1113 4134 quod
1133 4061 1192 4115 est.
1239 4050 1303 4113 Sed
1325 4072 1425 4136 quum

471 4148 559 4212 sitin
579 4149 727 4214 omnibus
743 4171 799 4235 per
822 4162 980 4232 naturam,
1006 4151 1073 4215 sola
1088 4150 1254 4215 rationalia
1268 4151 1426 4216 inhabitat

472 4273 529 4337 per
556 4253 701 4336 gratiam.
763 4253 846 4317 Sunt
876 4275 964 4338 ergo,
989 4253 1066 4340 quia
1088 4254 1121 4317 in
1152 4254 1198 4318 eis
1222 4254 1338 4318 veritas
1366 4268 1423 4321 est.

474 4353 686 4433 lllustrantur,
713 4355 789 4441 quia
814 4354 847 4418 in
872 4355 918 4419 eis
940 4355 1095 4441 sapientia
1124 4367 1182 4423 est.
1231 4356 1359 4421 Bonum
1376 4361 1424 4424 di·
