3425 5367
454 718 493 778 16
713 730 848 779 sonorus
864 730 1141 777 saansasarnnsrs
1281 712 1363 792 [nra.
1381 724 1403 777 ἰ.

457 896 531 949 sunt
560 885 750 949 dubitabilia
779 885 927 969 sapienti,
956 886 997 947 ab
1027 905 1136 947 eorum
1166 884 1310 964 vestigiis
1340 906 1405 947 non

455 986 580 1051 recedo.
625 984 720 1050 Licet
734 987 819 1050 enim
836 998 924 1050 secta
947 988 1017 1049 haec
1031 966 1179 1049 tenebras
1194 986 1290 1048 rebus
1304 987 1409 1048 omni·

455 1090 517 1151 bus
547 1086 689 1152 videatur
716 1088 880 1167 iuducere,
909 1090 998 1151 nulla
1027 1086 1149 1149 veritati
1181 1085 1407 1150 examinandae

456 1187 591 1264 fidelior,
606 1198 648 1265 et,
663 1199 791 1252 auctore
808 1188 976 1264 Cicerone,
984 1188 1040 1271 qui
1055 1185 1095 1250 ad
1111 1206 1180 1248 eam
1194 1185 1226 1247 in
1242 1196 1407 1250 senectute

457 1288 594 1367 divertit,
608 1291 697 1353 nulla
719 1290 877 1372 profectui
898 1288 1083 1352 familiarior
1096 1295 1153 1350 est
1202 1286 1243 1349 In
1265 1287 1316 1351 his
1330 1309 1407 1368 ergo

458 1411 530 1473 quas
553 1389 732 1453 incidenter
757 1390 797 1453 de
818 1389 1031 1474 providentia,
1053 1399 1085 1452 et
1109 1390 1187 1463 fato,
1210 1399 1243 1451 et
1262 1389 1408 1451 libertate

458 1490 589 1562 arbitrii,
619 1501 650 1553 et
680 1492 838 1555 similibus
868 1490 955 1554 dicta
984 1501 1069 1568 sunt,
1097 1510 1149 1552 me
1178 1488 1407 1553 Academicum

457 1592 566 1673 potius
591 1614 661 1655 esse
686 1595 825 1672 noveris,
849 1614 945 1677 quam
971 1615 1078 1656 eorum
1105 1614 1177 1676 quae
1200 1590 1299 1655 dubia
1324 1602 1408 1666 sunt,

457 1692 658 1755 temerarium
675 1703 874 1757 assertorem.
919 1692 1152 1777 scripturarum
1175 1714 1305 1775 quoque
1319 1692 1410 1755 testi-

459 1792 586 1867 moniis,
603 1792 644 1855 ad
665 1793 867 1855 commodum
883 1792 1092 1875 explanandas
1115 1792 1292 1868 sententias,
1307 1814 1409 1874 quan-

460 1892 565 1975 doque
580 1912 656 1953 usus
671 1914 762 1965 sum;
791 1893 835 1954 ita
857 1903 975 1967 tamen,
990 1904 1025 1953 ut
1039 1892 1118 1953 nihil
1135 1890 1223 1967 fidei,
1238 1901 1293 1952 aut
1313 1891 1409 1954 bonis

460 1992 602 2053 moribus
618 1991 798 2055 inveniatur
821 1991 1008 2067 adversnm3
1038 2012 1076 2053 ac
1100 1991 1128 2052 si
1149 1990 1321 2053 sententias
1345 2000 1410 2053 tam

460 2091 641 2165 modernas,
657 2112 752 2174 quam
767 2100 899 2163 veteres,
915 2091 1026 2154 eadem
1045 2090 1316 2156 iucommutabilis
1332 2092 1411 2153 veri-

462 2204 511 2256 tas
526 2192 700 2273 genuisset.
745 2190 914 2276 Siquidem

859 2307 939 2361 facies
949 2327 1001 2362 non
1012 2311 1130 2364 omnibus
1140 2330 1202 2377 una,

567 2392 630 2446 Non
641 2393 741 2445 diversa
752 2397 849 2458 tamen,
862 2393 966 2463 qualem
978 2395 1054 2448 decet
1064 2413 1122 2449 esse
1131 2414 1254 2451 sororum.

507 2490 624 2553 Omnia
638 2510 710 2552 vero
733 2500 787 2553 tuo
803 2503 1002 2554 reservantur
1023 2494 1176 2571 examini,
1190 2504 1225 2557 ut
1238 2495 1299 2557 tibi
1314 2495 1414 2578 major

463 2603 495 2656 et
511 2592 627 2676 justior
642 2593 831 2674 corrigendi,
848 2615 944 2677 quam
958 2595 1038 2657 mihi
1053 2596 1215 2659 scribendi
1234 2597 1335 2675 gloria
1357 2597 1412 2659 de·

464 2696 585 2758 beatur.
633 2694 838 2777 lnaequalitas
868 2705 974 2759 autem
1004 2698 1211 2773 voluminum,
1241 2698 1336 2760 variis
1365 2711 1414 2760 est

463 2796 730 2879 occupationibus
749 2796 973 2875 adscribenda,
989 2799 1108 2881 quibus
1129 2800 1163 2861 in
1185 2800 1272 2863 curia
1288 2800 1334 2864 sic
1350 2798 1414 2861 dis·

464 2908 583 2961 tractus
598 2920 679 2977 surn,
692 2907 729 2960 ut
744 2898 796 2960 rix
814 2899 938 2981 aliquid
960 2900 1097 2962 scribere
1120 2900 1312 2984 quandoque
1334 2901 1413 2963 licu-

464 3000 531 3061 erit.
577 2999 665 3060 Dum
690 3005 796 3060 tamen
822 3000 977 3060 Tolosam
1000 3001 1140 3080 cingitis,
1162 3004 1224 3064 ista
1249 3023 1415 3083 aggressus

465 3119 547 3173 sum,
570 3106 601 3159 et
623 3117 674 3158 me
696 3098 869 3159 curialibus
890 3098 984 3177 nugis
1008 3100 1174 3181 paulisper
1194 3101 1312 3177 ademi,
1333 3103 1415 3165 illud

464 3200 594 3261 volvens
616 3198 650 3259 in
672 3195 789 3273 animo,
806 3198 883 3281 quia
902 3198 1008 3261 ocium
1031 3200 1099 3263 sine
1120 3201 1233 3264 litteris
1255 3223 1339 3265 mors
1357 3214 1417 3281 est,

466 3311 498 3363 et
520 3299 582 3362 riri
603 3298 744 3363 hominis
765 3301 936 3384 sepultura.
983 3301 1017 3365 Si
1039 3302 1110 3386 quis
1125 3304 1253 3385 ignotos
1271 3315 1418 3370 auctores

465 3422 538 3465 oum
549 3400 1264 3482 Lanuviocalumniaturautfictos,redivirum
1274 3408 1418 3471 Platonis

467 3502 649 3565 Africanum
689 3502 840 3564 Ciceroni
879 3503 1101 3582 somniantem,
1136 3520 1169 3568 et
1201 3508 1417 3591 Philosophus

408 3680 413 3691 Ι
467 3601 647 3663 Saturnalia
662 3612 856 3677 exercentes,
873 3614 1014 3678 accuset,
1030 3615 1085 3668 aut
1099 3618 1274 3686 auctorum,
1288 3610 1419 3671 nostris·

468 3722 530 3786 que
546 3700 705 3783 figmentis
720 3701 896 3783 indulgeat,
911 3705 939 3767 si
961 3707 1101 3788 publicae
1117 3710 1257 3772 serviunt
1278 3710 1417 3773 utilitati.

468 3802 625 3865 Praeterea
639 3803 751 3865 lectori
766 3814 799 3867 et
814 3804 949 3869 auditori
966 3818 1085 3890 quanta
1098 3831 1229 3891 possum
1248 3810 1418 3873 devotione

469 3903 628 3985 supplico,
649 3912 685 3964 ut
707 3924 758 3967 me
781 3906 863 3988 patri
885 3907 1172 3972 misericordiarum
1194 3910 1418 3973 commendare

470 4002 650 4081 dignentur,
665 4006 698 4068 in
715 4006 909 4070 orationibus
923 4009 1010 4080 suis;
1043 4020 1075 4072 et
1090 4010 1245 4072 erratibus
1260 4010 1349 4085 meis,
1364 4011 1419 4094 qui

469 4102 671 4184 multiplicati
697 4113 770 4167 sunt
797 4126 893 4187 super
917 4127 1096 4184 numerum,
1118 4107 1244 4169 veniam
1269 4108 1420 4171 studeant

469 4200 623 4264 obtinere.
668 4204 751 4266 Nam
778 4216 810 4268 et
838 4227 899 4286 ego
928 4226 1022 4289 spero
1050 4228 1101 4269 me
1131 4207 1322 4290 participem
1351 4230 1420 4272 esse

469 4301 611 4366 omnium
625 4304 801 4368 timentium
817 4307 1010 4370 Dominum:
1035 4319 1068 4371 et
1082 4307 1178 4371 corde
1193 4319 1225 4372 et
1236 4331 1315 4375 voce
1326 4311 1418 4374 ricis·
