3425 5367
321 704 392 749 can.
410 686 469 765 1v.]
660 704 915 749 eosuousrrcns.
1237 688 1277 768 19

321 858 389 920 suis
399 860 492 921 rebus
503 866 535 920 et
545 857 661 920 studiis
673 859 840 921 voluerunt
851 877 921 920 esse
934 865 1131 934 contimtum,
1140 856 1273 918 urbanis

319 970 352 1023 et
366 958 567 1036 suburbanis,
579 958 705 1022 colonis
718 980 846 1042 quoque
863 960 913 1021 vel
928 959 1052 1022 rusticis
1064 978 1121 1020 sua
1135 957 1272 1037 siugulis

317 1061 389 1125 loca
403 1070 436 1125 et
449 1060 556 1125 studia
575 1061 828 1145 praescribentes.
873 1060 1052 1125 Solicitudo
1072 1059 1270 1141 singulorum

317 1162 502 1225 stomnium
512 1162 641 1225 utilitati
651 1164 790 1245 publicae
799 1163 968 1225 serviebat.
990 1160 1270 1240 Naturae‚laboris‚

316 1270 348 1323 et
358 1260 523 1326 industrie
533 1262 671 1325 fructum
681 1262 899 1346 unusquisque
908 1263 1083 1346 recipiebat
1092 1284 1136 1327 ex
1145 1260 1270 1325 merito.

317 1363 422 1425 Nemo
449 1363 538 1447 quod
567 1373 652 1427 esset
684 1364 813 1427 alterius
838 1366 1024 1446 usurpabat,
1054 1372 1204 1427 manente
1232 1363 1268 1425 in

316 1462 467 1525 omnibus
481 1461 649 1524 individuo
672 1463 815 1525 caritatis
830 1464 958 1525 affectu.
994 1464 1119 1525 Primus
1139 1460 1270 1545 quidem

317 1574 348 1626 et
363 1562 492 1625 medius
512 1563 600 1625 urbis
613 1563 707 1625 locus
728 1564 896 1645 Areopago
916 1564 1024 1639 cessit,
1038 1564 1124 1625 unde
1145 1563 1188 1625 ad
1205 1564 1270 1625 sin-

317 1664 409 1746 gulas
423 1664 647 1747 professiones,
662 1672 757 1746 prout
771 1664 850 1727 ratio
873 1663 1030 1748 cujusque
1045 1664 1143 1725 officii
1161 1660 1270 1743 exige·

316 1766 383 1837 bat,
407 1763 617 1847 dispositione
640 1784 783 1846 congrua
806 1765 978 1840 institutus,
1001 1765 1178 1829 officiorum
1194 1764 1272 1849 jura

317 1866 408 1949 quasi
420 1863 550 1949 quidam
565 1865 677 1929 salutis
688 1876 720 1930 et
731 1866 803 1930 vitae
814 1867 907 1930 rivuli
918 1866 1143 1931 derivarentur.
1171 1867 1270 1930 Porro

316 1969 350 2030 in
360 1968 410 2031 his
420 1966 559 2031 venandi
569 1988 620 2031 ars
629 1970 681 2031 rel
692 1969 832 2033 officium
846 1970 902 2033 vix
913 1970 1106 2053 permittitur
1115 1968 1269 2033 accedere

317 2068 587 2147 adsuburbanos5
611 2092 711 2154 quum
720 2084 885 2137 venatores
893 2083 930 2136 ut
938 2072 1087 2155 agricolae
1097 2072 1269 2155 caeteriqne

294 2200 299 2211 ·
317 2172 431 2234 incole
442 2192 560 2250 utrum,
571 2173 612 2235 ab
629 2175 763 2238 urbibus
773 2175 1030 2259 nobiliorumque
1042 2186 1130 2237 coetu
1141 2174 1269 2255 lougius

318 2284 492 2337 arceantur.
532 2274 673 2338 Omnino
694 2278 781 2340 enim
802 2277 950 2361 iniquum
972 2287 1021 2340 est
1041 2276 1198 2339 nobiliora
1219 2276 1269 2337 in-

317 2374 411 2455 genia
423 2375 538 2439 studiis
549 2376 752 2441 dehonestari
764 2375 1270 2460 minoribus‚eteos,quosardua

316 2484 349 2537 et
373 2476 517 2556 graviora
540 2489 671 2541 manent
699 2478 815 2552 officia,
842 2475 1015 2561 voluptatis
1041 2491 1096 2542 aut
1120 2478 1270 2541 vanitatis

318 2578 583 2660 occupationibus
598 2579 721 2659 agitari.
767 2580 866 2643 Unde
888 2582 916 2642 si
929 2581 1066 2643 licenter
1081 2589 1270 2643 exerceatur

318 2678 452 2756 venatio,
468 2678 640 2741 artificium
660 2682 711 2741 rel
731 2682 892 2751 officium
924 2681 952 2742 si
972 2691 1093 2755 contra,
1106 2680 1269 2742 levitatem

317 2796 389 2839 eam
404 2798 473 2841 esse
489 2786 545 2840 aut
558 2779 745 2841 malificium
764 2791 964 2858 censuerunt,
980 2779 1087 2843 edicto
1101 2780 1271 2863 punientes

317 2897 384 2951 eos,
399 2877 455 2961 qui
471 2896 541 2941 eam
557 2888 667 2941 contra
682 2880 821 2943 officium
837 2891 1035 2965 usurparent.

316 3210 397 3297 Cap.
412 3218 443 3276 4.
466 3212 519 3277 De
532 3217 692 3291 venatica,
706 3223 739 3278 et
753 3217 951 3305 auctoribus,
963 3228 996 3281 et
1010 3220 1172 3299 speciebus
1186 3221 1267 3302 ejus,

546 3324 577 3379 et
592 3318 747 3379 exercitio
762 3318 851 3379 licito
865 3327 897 3379 et
912 3320 1039 3381 illicito.

358 3480 411 3543 Er
440 3479 533 3563 primi
563 3477 692 3561 quidem
722 3478 883 3554 Thebani,
912 3480 941 3543 si
970 3480 1068 3543 fidem
1097 3503 1269 3567 sequamur

316 3580 468 3659 historiae,
490 3602 561 3644 eam
585 3580 885 3645 communicandam
909 3583 1058 3647 omnibus
1080 3596 1267 3651 statuerunt.

316 3682 362 3744 Et
375 3702 418 3745 ex
435 3702 499 3765 quo
511 3692 661 3765 suspecta
671 3679 713 3744 sit
725 3682 875 3745 omnibus
891 3704 969 3763 gens
983 3684 1069 3749 foeda
1079 3688 1269 3770 parricidiis,

322 3780 499 3845 incestibus
514 3778 714 3859 detestanda,
728 3782 864 3864 insignis
882 3782 1004 3862 fraude,
1018 3796 1095 3849 nota
1113 3788 1269 3871 perjuriis,

317 3881 411 3967 hujus
427 3881 566 3961 artificii,
579 3884 627 3947 rel
643 3883 751 3967 potius
765 3883 921 3961 malificii,
932 3886 966 3949 in
981 3886 1093 3970 primis
1107 3900 1270 3973 praecepta

316 3986 489 4070 congessit,
506 4006 578 4070 quae
592 3985 797 4069 postmodum
813 3985 854 4051 ad
867 3998 997 4071 gentem
1011 3992 1140 4055 mollem
1154 3992 1267 4055 imbel-

316 4086 455 4173 lemque,
465 4083 567 4151 lerem
583 4098 616 4151 et
629 4086 825 4173 impudicam
842 4087 1010 4174 (Phrygios
1024 4092 1153 4177 loquor)
1167 4105 1270 4158 truns-

317 4189 463 4253 mittsret·
501 4188 655 4253 Riserunt
673 4210 730 4253 eos
751 4189 966 4256 Athenienses
985 4202 1018 4256 et
1032 4194 1270 4259 Lacedaemonii

318 4290 430 4373 populi
444 4290 615 4371 graviores,
624 4290 826 4355 historiarum
841 4302 1073 4373 geste‚naturae
1083 4314 1270 4376 morumque

771 4410 790 4453 c
806 4396 825 4451 2
