3425 5367
451 718 513 775 272
698 725 834 771 ausurus
849 725 1128 771 saansannrnnsrs
1275 707 1357 787 [mu.
1372 728 1402 772 v.

452 899 533 965 quas
548 879 580 942 in
595 875 671 941 orbe
686 889 717 941 et
733 877 812 942 urbe
827 875 941 961 passim
959 875 1065 953 habet,
1081 898 1192 962 rupem
1209 876 1304 941 etiam
1322 880 1403 943 Tar·

451 980 553 1067 peiam
565 979 780 1063 occupaverit,
793 1000 942 1063 supremo
954 980 974 1041 J
979 978 1029 1041 ovi
1039 992 1212 1063 coaequata,
1222 992 1254 1043 et
1266 980 1403 1066 publicae
1447 1045 1450 1051 ,

450 1083 588 1149 fortuna
599 1084 706 1166 imago
716 1102 812 1144 aurea
825 1080 856 1143 in
870 1080 1031 1166 Capitolio
1042 1080 1083 1144 ab
1092 1080 1234 1157 advenis,
1245 1082 1402 1157 convenis,

451 1198 484 1251 et
502 1184 670 1269 indigenis,
686 1182 813 1271 publice
833 1182 995 1263 adoretur,
1010 1194 1042 1247 et
1062 1193 1182 1247 tantam
1197 1207 1265 1269 prae
1282 1184 1404 1250 caeteris

451 1287 548 1354 habet
570 1284 803 1359 auctoritatem,
819 1283 906 1369 qnod
929 1283 961 1347 in
984 1295 1054 1349 tota
1075 1284 1197 1349 ratione
1219 1285 1399 1350 mortalium

452 1391 500 1468 (ut
515 1387 579 1452 dici
593 1386 683 1467 solet)
697 1384 763 1449 sola
777 1400 948 1471 utramque
959 1385 1105 1472 paginam
1123 1386 1251 1451 videtur
1261 1387 1401 1474 implere.

450 1490 568 1558 Videas
582 1512 649 1553 eam
662 1487 707 1551 ibi
722 1498 792 1553 rota
804 1509 930 1551 versare
940 1487 1125 1565 volubilem,
1137 1489 1288 1575 quodque
1300 1490 1401 1575 magis

451 1592 575 1669 mirere,
591 1589 733 1677 ejusdem
749 1601 830 1655 rotae
850 1590 989 1674 impulsu
1007 1591 1046 1653 de
1066 1602 1194 1675 pectore
1210 1592 1302 1655 Jovis
1318 1615 1401 1656 soro·

450 1718 522 1761 rum
543 1717 642 1782 pensa
659 1694 852 1781 praecipitat,
876 1705 908 1758 et
931 1692 1106 1759 conculcat.
1145 1694 1296 1781 Quisquis
1320 1696 1403 1762 enim

449 1796 611 1862 fortunam
629 1795 752 1875 statuit,
766 1794 833 1859 fata
847 1794 1036 1879 praecipitat,
1052 1807 1084 1859 et
1099 1796 1258 1861 convellit.

555 1960 624 2013 Fata
631 1961 732 2029 (iuquit
741 1960 859 2030 Stoicus)
867 1964 961 2028 regunt
972 1960 1188 2026 homiues,fatum
1197 1968 1238 2016 est
1248 1964 1275 2015 in
1287 1964 1401 2034 partibus

555 2130 631 2192 Quas
641 2044 868 2183 sirillulasiahscondit.

450 2282 539 2349 Huic
548 2282 717 2368 paradoxae
729 2283 918 2361 Stoicorum,
930 2283 1013 2371 nogia
1022 2282 1089 2363 δόξα
1098 2285 1231 2372 Epicuri
1242 2286 1400 2352 reclamat.

451 2384 607 2463 Fatalem,
622 2384 739 2470 inquit,
755 2385 830 2450 tolle
846 2391 1076 2469 necessitatem,
1093 2387 1177 2474 quia,

554 2552 583 2605 Si
593 2551 696 2605 fortuna
707 2552 784 2618 volet,
795 2552 846 2606 fies
857 2554 890 2606 de
902 2554 1004 2607 rhetore
1017 2554 1130 2620 Conaul;

554 2639 584 2691 Si
595 2638 666 2693 volet
675 2639 733 2693 haec
742 2639 844 2704 eadem,
855 2638 906 2694 fica
917 2640 950 2693 da
963 2640 1076 2695 Consule
1087 2642 1183 2695 rhetor,

452 2810 611 2874 caeterum
641 2819 679 2871 ut
708 2830 782 2871 cum
811 2808 943 2875 fortuna
972 2808 1022 2872 vel
1051 2808 1160 2875 mitius
1189 2832 1333 2895 agamuS,
1363 2810 1402 2875 sit

451 2910 687 2996 inopinatorum
716 2924 888 2975 eventuum
922 2912 1036 2988 forma,
1066 2924 1098 2975 et
1128 2910 1202 2975 licet
1231 2910 1403 2975 conditioni

450 3011 598 3075 videatur
611 3010 786 3095 plurimum
801 3012 943 3091 vicinari,
953 3034 991 3074 eo
1006 3010 1092 3097 quod
1109 3011 1314 3077 fortuitorum
1331 3034 1403 3075 con-

449 3134 562 3176 cursus
573 3125 691 3176 statum
706 3112 830 3190 efficiat,
841 3135 938 3198 quarn
951 3113 1161 3179 conditionem
1175 3137 1241 3179 esse
1252 3114 1402 3201 praedixi·

449 3234 531 3289 mus,
553 3213 587 3276 in
608 3236 646 3275 eo
671 3227 777 3277 tamen
802 3213 977 3299 plurimum
1005 3215 1124 3294 differt,
1149 3217 1235 3302 quod
1262 3214 1400 3279 conditio

451 3336 534 3379 uunc
553 3337 573 3379 a
591 3327 716 3393 natura,
734 3338 818 3379 nunc
840 3316 882 3379 ab
901 3315 1014 3397 officio,
1031 3340 1116 3383 nunc
1137 3342 1156 3381 a
1178 3318 1319 3381 moribus
1340 3326 1400 3395 est,

449 3441 534 3483 nunc
549 3441 567 3481 a
582 3418 677 3482 variis
692 3418 803 3503 figuris
817 3432 1000 3485 eventuum.
1032 3421 1177 3485 Fortuna
1192 3441 1314 3504 semper
1329 3440 1401 3482 con-

449 3520 532 3585 sistit
547 3520 579 3581 in
602 3520 741 3606 hisquae
764 3520 936 3605 improvisa
959 3536 1134 3607 emergunt.
1179 3523 1261 3585 Eam
1285 3543 1401 3608 usque·

449 3642 578 3705 quaque
597 3621 711 3685 nititur
725 3643 878 3685 evacuare
900 3622 1106 3705 Plutarchus,
1120 3640 1151 3689 et
1170 3646 1209 3690 ex
1232 3624 1402 3711 praemissis

448 3733 589 3805 quatuor
619 3720 705 3797 locis,
736 3732 871 3799 natura,
902 3722 1007 3805 officii,
1035 3749 1171 3805 morum,
1202 3726 1402 3805 conditionis,

447 3824 545 3889 totius
559 3828 744 3890 reverentia
765 3847 891 3889 manare
911 3829 1011 3893 credit
1032 3830 1198 3914 originem.
1244 3828 1402 3913 Supersti-

448 3925 560 3995 tiosius
580 3939 684 3991 tamen
700 3926 759 3989 hoc
779 3926 955 3993 infidelium
973 3952 1059 3992 more
1079 3928 1260 4014 exequitur.
1308 3927 1402 3991 Unde

448 4030 614 4093 nonnullas
632 4030 804 4093 sententias
823 4032 903 4115 ejus,
920 4053 1011 4095 sensu
1036 4044 1067 4095 et
1083 4052 1224 4094 sermone
1247 4027 1404 4091 catholico

452 4128 561 4191 curavi
576 4129 721 4198 inserere.
769 4130 828 4194 Ille
851 4131 979 4216 quidem
996 4130 1026 4193 in
1051 4129 1172 4194 cultum
1198 4130 1330 4193 deorum
1354 4151 1406 4191 eos

449 4229 608 4316 praecipue
634 4231 742 4295 asserit
774 4232 990 4308 venerandos,·
1006 4231 1061 4315 qui
1091 4235 1120 4295 ei
1151 4230 1341 4295 familiarius
1370 4242 1401 4293 et

448 4330 580 4396 vicinius
602 4331 768 4398 accedunt.
814 4334 883 4397 Aut
910 4344 1034 4409 natura,
1060 4345 1097 4397 ut
1122 4332 1219 4398 Liber
1245 4333 1398 4396 Indorum
