3425 5367
425 687 489 744 252
689 698 825 744 rotulus
840 700 1121 747 sanassnnmrvsm
1233 687 1316 765 [nra.
1333 706 1377 750 1v.

428 850 638 931 sublimasset,
666 850 903 916 succedentium
941 851 1000 916 sibi
1034 851 1173 918 filiorum
1208 854 1379 931 curriculo,

428 975 562 1039 regnum
577 953 607 1017 ei
621 965 813 1039 perpetuum
828 953 1009 1038 pollicetur.
1055 958 1106 1020 De
1126 954 1235 1022 fructu
1258 959 1379 1021 ventris

428 1054 489 1134 tui,
509 1053 624 1140 inquit,
647 1077 763 1140 ponam
786 1077 881 1140 super
907 1055 1013 1120 sedem
1036 1070 1137 1136 tuam,
1161 1070 1194 1123 et
1220 1059 1246 1122 si
1273 1070 1379 1122 eusto-

427 1154 555 1236 dietim,
569 1155 627 1220 filii
649 1155 698 1219 tui
720 1154 871 1220 mandata
889 1177 970 1232 mea,
985 1179 1059 1242 quae
1076 1158 1145 1243 jam
1164 1156 1251 1238 dedi,
1265 1170 1298 1222 et
1318 1169 1378 1221 tes-
1422 1146 1424 1150 ¹

429 1257 562 1321 timonio
570 1277 721 1342 meaquae
732 1278 789 1342 per
801 1279 850 1320 me
864 1256 913 1320 vel
925 1257 1058 1322 vicarios
1069 1281 1155 1322 meos
1166 1258 1287 1323 docebo
1296 1257 1376 1334 illos,

427 1370 461 1421 et
475 1357 536 1442 ipsi
556 1368 589 1421 et
610 1355 667 1419 filii
687 1378 797 1420 eorum
819 1356 975 1423 sedebunt
994 1380 1089 1444 snper
1109 1358 1215 1422 sedem
1231 1371 1331 1440 tuam,
1344 1372 1376 1422 et

428 1478 543 1542 ponam
567 1456 599 1520 in
625 1455 777 1521 saeeulmn
800 1456 908 1520 saeeuli
932 1457 1039 1523 sedem
1062 1459 1142 1544 ejus,
1167 1471 1200 1523 et
1226 1459 1376 1523 thronum

427 1560 498 1644 ejus
513 1557 595 1622 sicut
610 1557 679 1622 dies
693 1557 774 1622 coeli.
824 1557 857 1622 Si
874 1571 980 1623 autem
996 1559 1222 1646 dereliquerint
1237 1559 1295 1623 filii
1309 1560 1378 1646 ejus

429 1659 529 1746 legem
544 1682 658 1737 meam,
673 1671 706 1724 ct
723 1659 756 1722 in
772 1659 906 1746 judiciis
920 1659 998 1725 meis
1014 1683 1075 1724 non
1091 1659 1334 1739 ambulaverint,
1350 1662 1377 1726 si

422 1760 565 1845 justitias
594 1781 679 1823 meas
706 1759 954 1844 profanaverint,
979 1772 1010 1824 et
1041 1759 1191 1824 mandata
1217 1783 1287 1823 mea
1315 1783 1377 1824 non

426 1861 647 1937 custodierint,
665 1861 801 1925 visitabo
824 1864 856 1925 in
882 1864 973 1946 virga
992 1861 1317 1948 iniquitateseorum,
1340 1874 1376 1926 ut

427 1964 580 2028 translato
602 1985 701 2046 regno
725 1962 766 2025 de
790 1975 886 2046 gente
911 1962 943 2026 in
966 1977 1105 2048 gentem,
1130 1976 1163 2028 et
1192 1962 1303 2028 deletis
1328 1963 1377 2026 his

426 2062 607 2140 heredibus,
631 2061 688 2146 qui
717 2061 889 2126 secundum
920 2085 1046 2128 carnem
1076 2088 1143 2130 esse
1169 2063 1319 2128 videntur
1344 2067 1376 2128 in

427 2163 553 2242 semine,
580 2161 789 2228 transferatur
812 2165 966 2229 successio
990 2165 1031 2229 ad
1056 2165 1140 2242 illos,
1164 2163 1220 2251 qui
1243 2163 1316 2228 fidei
1342 2177 1374 2228 et

422 2263 557 2351 justitiae
577 2262 783 2328 inveniuntur
803 2264 944 2330 heredes.
991 2268 1030 2329 ln
1046 2288 1147 2351 eoque
1164 2265 1376 2352 promissionis

427 2365 573 2431 subsistit
597 2364 721 2442 veritas,
737 2379 770 2431 et
792 2379 861 2432 rata
883 2381 1068 2453 permanent
1091 2391 1164 2453 quoe
1187 2390 1224 2430 ex
1249 2389 1303 2430 ore
1318 2367 1377 2430 Al-

426 2468 538 2536 tissimi
559 2480 790 2553 processerunt,
810 2469 896 2554 quod
919 2469 1017 2555 justis
1037 2469 1166 2554 regibus
1183 2468 1376 2533 successione

426 2571 569 2636 fidelium
592 2593 696 2635 semen
716 2585 881 2656 permanet
899 2572 932 2635 in
955 2587 1121 2637 aeternum.
1169 2575 1250 2636 Hace
1269 2590 1374 2638 autem

426 2687 462 2739 ut
477 2674 522 2738 ad
534 2695 673 2759 praesens
687 2675 727 2738 de
742 2673 883 2753 Christo,
894 2677 952 2759 qui
965 2674 1071 2739 factus
1085 2697 1124 2738 ex
1137 2673 1255 2738 semine
1268 2671 1376 2736 David

426 2774 600 2841 secundum
615 2796 753 2850 carnem,
769 2796 825 2837 rex
847 2796 960 2858 regum
980 2787 1039 2853 est,
1054 2786 1087 2838 et
1107 2772 1255 2849 dominus
1277 2771 1376 2836 domi-

425 2875 581 2955 nantium,
602 2874 690 2940 nulla
711 2877 751 2939 sit
776 2877 907 2952 mentio,
925 2874 1020 2938 etiam
1044 2872 1220 2939 secundum
1240 2873 1378 2953 literam,
1440 2915 1443 2918 -

425 2990 579 3064 perpetuo
600 2975 737 3040 arbitror
758 2976 914 3052 obtinere,
937 2988 974 3040 ut
998 2974 1169 3040 succedant
1191 2975 1377 3060 parentibus

426 3078 496 3154 filii,
512 3078 538 3140 si
560 3100 614 3141 eos
634 3077 666 3139 in
682 3076 840 3142 mandatis
863 3079 995 3142 Domini
1010 3076 1147 3142 fideliter
1166 3075 1287 3141 fuerint
1308 3077 1378 3139 imi-

426 3174 496 3240 tati.
541 3172 635 3236 Adeo
650 3173 821 3258 siquidem,
838 3187 874 3239 ut
896 3175 921 3239 si
940 3175 1087 3240 omnibus
1102 3187 1187 3240 recte
1202 3173 1375 3260 dispositis,

426 3289 457 3342 et
477 3278 513 3340 in-
533 3299 570 3340 eo
589 3275 801 3355 manentibus,
817 3276 906 3341 nulla
926 3277 1073 3341 videatur
1094 3299 1160 3340 esse
1182 3274 1374 3362 sollicitudo,

426 3377 475 3442 vel
489 3377 629 3442 officium
650 3375 861 3462 praesidentis,
877 3387 1000 3441 constat
1021 3377 1072 3441 his
1094 3377 1152 3460 qui
1174 3373 1268 3438 semel
1290 3373 1377 3460 prin-

424 3479 525 3563 cipem
542 3477 751 3555 admiserunt,
765 3477 806 3541 de
828 3478 946 3541 semine
965 3476 1052 3540 illius
1067 3475 1303 3540 successionem
1312 3497 1375 3540 non

424 3579 622 3653 defuturam,
642 3577 701 3640 etsi
721 3599 783 3640 non
805 3576 847 3640 ob
868 3577 968 3656 aliud,
990 3577 1041 3640 vel
1067 3575 1108 3639 ad
1128 3577 1376 3642 conservandam

426 3677 587 3764 sanguinis
601 3675 786 3741 claritatem.
832 3676 927 3753 Quod
943 3689 974 3742 et
990 3677 1193 3742 historiarum
1206 3677 1310 3764 liquet
1324 3701 1377 3742 ex·

425 3777 547 3865 emplis.
587 3775 702 3841 Fertur
716 3775 799 3840 enim
814 3776 904 3862 quod
920 3788 1022 3862 quum
1037 3799 1172 3868 magnus
1189 3777 1373 3842 Alexander

426 3880 574 3946 ultimum
599 3879 691 3944 littus
718 3879 835 3942 Oceani
862 3877 1079 3964 perlustraret,
1104 3877 1376 3942 Brachmanorum

424 3981 560 4046 insulam
572 3980 731 4044 debellare
742 3980 888 4064 parabat.
927 3979 977 4044 Ad
989 4001 1085 4064 quem
1097 3978 1144 4043 illi
1159 3979 1191 4042 in
1208 3978 1256 4041 his
1272 3978 1378 4042 verbis

425 4080 590 4166 epistolam
621 4079 793 4143 miserunt:
832 4078 1035 4154 Audivimus,
1065 4075 1271 4145 invictissime
1310 4100 1378 4158 rex,

426 4177 535 4268 praelia
544 4190 611 4257 tua,
617 4189 649 4242 et
660 4177 993 4243 felicitatemvictoriae
1005 4177 1125 4264 ubique
1137 4179 1377 4264 subsequutam.

427 4282 489 4347 Sed
511 4278 590 4365 quid
606 4278 667 4343 erit
687 4279 871 4364 hujusmodi
895 4277 980 4354 satis,
1003 4277 1055 4340 cui
1078 4290 1164 4344 totus
1184 4301 1246 4342 non
1263 4277 1379 4344 sufficit
