3425 5367
307 754 377 798 css.
395 737 455 816 ru]
656 752 913 800 muronsrroos.
1195 742 1256 804 271

307 916 440 984 rentem,
455 905 556 970 credit
571 916 603 971 et
620 906 771 991 justum?
802 905 888 971 Hinc
908 916 955 970 est
975 904 1068 972 etiam
1089 907 1254 973 consilium

306 1006 468 1094 sapientis,
491 1008 518 1071 ei
540 1007 598 1095 qui
624 1006 731 1073 timeri
753 1008 888 1095 appetit,
911 1008 1021 1087 amari,
1043 1008 1202 1089 honorari,
1223 1018 1256 1076 et

305 1097 460 1194 praeferri,
480 1124 517 1176 ut
537 1114 646 1176 Deum
669 1111 791 1191 timeat,
805 1123 902 1189 amet,
923 1122 1101 1193 veneretur,
1121 1126 1153 1178 et
1175 1110 1204 1177 ei
1224 1134 1257 1178 se

306 1222 373 1278 tota
394 1212 564 1279 devotione
578 1212 757 1278 submittat.
802 1212 1025 1278 Conditionem
1044 1214 1174 1301 quidam
1190 1235 1258 1281 esse

306 1314 473 1391 deliniunt,
484 1316 655 1380 fortuitum
670 1334 814 1401 personae
826 1326 958 1395 statum,
970 1338 1035 1401 quo
1048 1330 1103 1383 sut
1115 1318 1259 1385 adversis

304 1416 507 1503 deprimitur,
532 1432 589 1482 aut
617 1416 785 1482 extollitur
813 1417 986 1502 prosperis,
1010 1430 1043 1482 et
1072 1416 1259 1485 alterutrius

306 1519 399 1583 sortis
412 1531 558 1584 naturam
576 1517 725 1603 suiipsius
744 1516 825 1580 facie
845 1518 1048 1603 protestetur.
1087 1519 1189 1597 Quale
1210 1532 1258 1585 est

305 1620 395 1707 quod
409 1620 488 1686 alios
508 1639 697 1684 veneramur
709 1619 884 1704 ingenuom
915 1617 986 1684 aliis
1006 1620 1134 1685 serviles
1147 1633 1259 1687 contu·

304 1723 415 1788 melias
428 1722 613 1809 irrogamus.
654 1720 794 1785 istorum
809 1720 939 1785 divitias
953 1720 1106 1797 colimus;
1130 1722 1258 1789 illorum

305 1824 536 1889 contemnimus
549 1834 781 1909 paupertatem.
811 1825 969 1887 Naturam
982 1820 1118 1888 diffinire
1132 1823 1259 1889 ffiffiole

306 1938 365 2001 est,
383 1938 419 1990 ut
436 1924 547 1991 asserit
561 1923 699 1991 Tullius.
744 1924 818 2008 Ego
833 1921 994 1989 difficilius
1013 1923 1108 1989 credo
1122 1924 1259 1991 diffinire

306 2026 478 2107 fortunam,
489 2050 527 2090 eo
541 2025 627 2113 quod
638 2027 735 2111 hujus
749 2024 849 2103 nulla,
858 2024 944 2089 illius
958 2024 1066 2111 aliqua
1081 2026 1259 2093 substantia

306 2140 362 2194 est.
409 2128 536 2195 Natura
549 2126 706 2214 siquidem
725 2125 821 2193 rebus
834 2124 988 2211 originem
1003 2126 1145 2213 praeben
1172 2130 1259 2214 quod

305 2250 506 2316 nequaquam
522 2242 616 2310 esset,
630 2228 703 2295 siin
720 2229 854 2294 veritate
868 2230 937 2313 ipsa
951 2250 1014 2293 non
1030 2242 1120 2296 esset.
1163 2232 1259 2309 Quod

306 2336 390 2399 enim
412 2334 541 2398 omnino
562 2356 626 2397 non
647 2345 706 2413 est,
721 2328 815 2395 alicui
837 2344 989 2417 praestare
1010 2351 1073 2396 non
1095 2345 1201 2418 potest
1221 2346 1259 2400 ut

306 2438 358 2501 sit.
389 2438 437 2501 At
447 2436 578 2499 fortuna
592 2456 692 2519 quum
708 2455 770 2497 non
783 2433 836 2514 sit,
846 2453 909 2497 non
926 2445 1029 2520 potest
1044 2430 1184 2501 diffiniri.
1218 2438 1258 2500 In

306 2560 344 2603 eo
360 2536 517 2622 siquidem
532 2535 621 2622 quod
642 2558 706 2599 non
726 2548 786 2612 est,
800 2558 864 2599 uon
888 2548 992 2621 potest
1012 2537 1163 2623 cuiquam
1185 2560 1259 2602 con-

306 2649 391 2703 stare
405 2636 485 2722 quid
508 2636 559 2702 sit.
602 2635 748 2700 Efferant
762 2636 914 2723 Epimarei
937 2638 1115 2724 praecipuas
1134 2650 1258 2704 senten·

307 2738 369 2804 tias
384 2761 468 2816 suas,
482 2761 563 2825 quas
578 2736 674 2825 κυρίας
694 2735 775 2815 δόξας
789 2752 914 2816 vocant,
931 2740 1049 2825 quibus
1069 2739 1170 2805 totius
1184 2740 1259 2805 Plri-

213 2857 217 2863 ’
308 2838 461 2927 losopltiae
474 2852 591 2927 putant
613 2836 729 2904 servire
751 2858 944 2925 processum,
959 2852 991 2905 et
1014 2859 1102 2905 more
1115 2861 1174 2906 suo
1195 2841 1259 2907 for-

308 2954 397 3007 tunae
418 2942 587 3029 subjiciant
613 2945 767 3008 universa
813 2944 888 3029 Ego
908 2942 941 3007 in
967 2942 1038 3020 hoc,
1061 2942 1143 3009 sicut
1168 2954 1201 3009 et
1225 2943 1258 3009 in

308 3042 464 3129 plurimis,
487 3042 695 3111 Plutarchum
718 3068 830 3111 censeo
854 3044 1061 3124 audiendum,
1084 3044 1142 3132 qui
1166 3046 1258 3111 deam

306 3162 421 3209 oecam
437 3144 602 3209 colendam
615 3166 682 3210 esse
696 3158 803 3232 negat,
818 3165 958 3211 asserens
977 3168 1045 3211 eam
1061 3146 1121 3212 nisi
1136 3165 1154 3211 s
1169 3148 1260 3213 caecis

306 3245 368 3310 coli
392 3266 457 3311 non
482 3264 585 3333 posse.
631 3246 739 3312 Multa
768 3268 900 3333 quoque
923 3248 1074 3334 proponit
1101 3248 1258 3335 exempla,

307 3346 425 3433 quibus
447 3345 550 3432 liquet
571 3368 680 3411 omnes
701 3370 793 3414 caecae
815 3348 884 3413 deoe
906 3347 1044 3411 cultores
1062 3360 1207 3425 caecatos,
1226 3356 1258 3412 et

306 3448 523 3535 proecipitatos
537 3448 666 3513 tandem
679 3450 713 3513 in
727 3450 852 3513 foveam
868 3447 1057 3513 exterminii.
1103 3450 1259 3514 Testetur

306 3549 368 3615 ltoc
391 3550 507 3630 Galba,
528 3550 586 3637 qui
608 3563 708 3617 totam
731 3563 858 3617 atatem
881 3548 1059 3615 luculenter
1080 3548 1260 3637 producens

306 3650 340 3715 in
357 3650 489 3726 senium,
504 3651 603 3738 hujus
622 3651 692 3716 deso
712 3647 928 3717 familiaritate
948 3662 981 3716 et
1003 3650 1094 3717 cultu
1114 3652 1147 3717 in
1169 3652 1259 3718 brevi

306 3752 508 3830 elatus‚etio
516 3753 653 3818 breviori
662 3753 881 3841 precipitatus
895 3766 952 3819 est.
984 3753 1129 3832 Qualiter
1139 3766 1259 3832 autem,

307 3854 394 3941 apud
421 3854 608 3920 Suetonium
633 3876 751 3943 quaere.
798 3856 952 3933 Quetitur
976 3870 1080 3919 tomen
1107 3855 1260 3941 praefatus

308 3956 533 4045 Philosophus,
546 3970 579 4023 et
593 3958 626 4021 io
642 3977 719 4022 aure
735 3958 804 4043 jam
819 3956 897 4021 dicti
918 3958 1072 4046 principis
1085 3956 1260 4045 lachryma-

307 4058 417 4123 biliter
433 4060 620 4146 ingemiscit,
636 4060 724 4147 quod
747 4059 816 4125 lroec
831 4058 909 4124 vitio
930 4059 1093 4136 caecitatis,
1108 4072 1141 4125 et
1161 4070 1258 4124 teme·

307 4158 411 4225 ritatis
424 4160 578 4246 probrosa
595 4161 666 4240 dea,
681 4176 713 4227 et
727 4160 877 4225 omnibus
895 4162 1104 4247 ignominiosa
1125 4162 1261 4227 numini·

308 4258 383 4339 bus,
404 4262 546 4326 omnium
568 4261 700 4326 deorum
726 4259 847 4347 templa
868 4260 1049 4339 foedaverit,
1071 4274 1104 4327 et
1126 4261 1259 4326 deorum

309 4358 450 4425 omnium
465 4360 665 4447 proripuerit
679 4362 815 4443 cultum,
829 4372 867 4425 ut
882 4372 999 4447 proter
1013 4362 1097 4428 tedes
1112 4361 1262 4448 privatas,
