3425 5367
316 717 386 764 cnr.
402 703 492 782 un]
688 719 940 766 notrorumcus.
1042 766 1047 775 ,
1208 707 1270 770 179

314 879 347 933 ct
369 871 483 935 veritus
504 871 591 951 fidei,
604 871 673 937 sinc
697 894 761 957 qua
781 892 840 937 nec
862 874 971 954 gmtiae
994 872 1123 956 quidem
1146 894 1266 940 nomen

312 972 466 1051 subsistit,
487 975 577 1038 nullo
603 975 817 1038 simulationis
838 975 915 1038 suco
941 976 1046 1040 vsleut
1069 976 1263 1042 obumbrari.

312 1071 376 1136 Sed
387 1073 455 1158 jsm
468 1095 567 1159 quum
577 1075 619 1139 ad
628 1075 774 1140 homines
784 1086 915 1141 ventum
926 1076 978 1155 sit,
989 1076 1045 1161 qui
1055 1097 1121 1140 non
1132 1077 1265 1156 amicos,

310 1172 366 1238 sed
381 1173 504 1259 seipsos
519 1175 554 1238 in
575 1176 710 1256 singulis
726 1186 845 1256 amant,
860 1176 1103 1260 multiplicitatis
1120 1177 1215 1242 fucus
1229 1187 1264 1242 ut

308 1275 435 1357 placeat
448 1276 646 1340 necessarius
660 1285 719 1340 est.
756 1275 854 1364 Apurl
868 1277 946 1341 istos
961 1277 1046 1340 enim
1062 1277 1174 1358 gratis,
1188 1277 1265 1361 quis

309 1376 406 1456 gratis
420 1396 486 1438 non
501 1386 560 1451 est,
570 1374 639 1459 jam
655 1398 720 1440 non
736 1378 846 1460 gratis,
862 1377 922 1440 sed
941 1377 1024 1440 lucri
1037 1376 1262 1442 inescatorium

307 1487 365 1539 est
411 1476 524 1540 Facies
553 1475 712 1561 siquidem
741 1478 916 1541 meretricis
944 1476 1028 1542 lucto
1056 1487 1106 1540 est
1132 1479 1174 1555 ei,
1198 1499 1261 1543 nec

306 1576 523 1660 quodcunque
549 1577 660 1640 vitium
689 1578 859 1655 erubescit,
885 1576 961 1641 dum
985 1577 1065 1641 lucri
1090 1576 1194 1641 tendit
1219 1578 1262 1642 ud

307 1685 475 1759 quaestum.
533 1679 634 1742 Vetus
663 1678 794 1761 querele
827 1689 876 1742 est
904 1677 1068 1761 sapientis,
1096 1676 1261 1758 indignum

307 1777 457 1841 amicitiae
471 1777 610 1859 lugentis
624 1798 775 1844 occasum
787 1800 795 1839 z

411 1895 480 1950 illud
492 1897 613 1950 smicitioe
623 1898 753 1966 quondum
764 1899 911 1952 venerabile
922 1916 1017 1952 nomen

481 1979 596 2046 Proust,
607 1985 635 2034 et
646 1983 673 2034 in
685 1987 788 2051 quoestu
799 2001 845 2054 pro
856 1984 993 2036 meretrice
1003 1983 1086 2036 sedet.

305 2091 400 2167 Quod
415 2114 457 2158 ss
473 2114 512 2158 eo
527 2104 662 2167 constat,
677 2094 766 2180 quod
781 2095 808 2159 si
824 2105 930 2160 cesset
949 2096 1079 2174 utilitas,
1094 2115 1184 2158 rarus
1204 2105 1259 2159 sut

305 2195 412 2258 nullus
426 2203 485 2273 est,
500 2195 554 2279 qui
569 2205 699 2280 propter
714 2217 749 2259 se
764 2197 911 2261 virtutem
926 2196 1075 2261 amicitiae
1091 2197 1186 2260 colat.
1217 2197 1257 2259 In

304 2305 352 2360 tot
366 2296 494 2359 circulis
506 2299 707 2376 soeculorum,
718 2298 752 2360 in
764 2309 853 2364 tanto
866 2308 993 2363 aetstum
1004 2300 1110 2382 lapsu,
1120 2298 1154 2361 in
1169 2307 1259 2361 tanta

306 2396 510 2460 multitudino
536 2405 569 2460 et
594 2395 775 2462 differentia
803 2418 1021 2482 personarum,
1050 2398 1118 2475 vix,
1148 2405 1185 2460 ut
1213 2398 1259 2460 ait

304 2495 435 2571 Laelius,
450 2497 512 2559 tris
529 2497 744 2573 inveniuntur,
760 2507 816 2561 sut
830 2507 967 2582 quatuor
986 2498 1076 2581 paria
1090 2497 1124 2559 in
1141 2517 1257 2560 amore.

304 2596 379 2659 Hoc
402 2595 507 2679 ipsum
534 2596 660 2660 Arbiter
684 2605 792 2660 noster
820 2596 1011 2678 ingemiscit,
1035 2596 1097 2659 etsi
1126 2596 1256 2660 alterius

304 2695 448 2760 videatur
462 2696 605 2760 induisse
620 2717 800 2780 personam.
844 2698 900 2760 Ait
913 2696 1017 2760 enim:

408 2815 512 2870 Nomen
524 2818 647 2871 amicitiae
658 2819 690 2880 si,
702 2823 829 2886 quotenus
841 2817 957 2887 expedit,
968 2817 1060 2882 hoeret,

443 2900 566 2955 Csiculus
576 2903 604 2954 iu
614 2901 705 2954 tsbuls
715 2901 812 2956 mobile
824 2903 897 2955 ducit
907 2918 979 2972 opus.

409 2987 498 3050 Quom
508 2987 611 3040 fortune
622 2993 718 3054 monet,
730 2986 828 3041 mltum
839 2988 949 3040 sumtis
960 2987 1046 3052 smiei,

444 3075 530 3138 Quum
542 3073 645 3138 cecidit,
658 3074 725 3146 turpi
737 3075 839 3126 vertitis
850 3091 897 3127 ors
906 3073 979 3142 fugo

405 3156 479 3210 Grex
490 3157 546 3226 agit
557 3157 674 3210 insecus
684 3157 800 3222 mimum,
812 3163 887 3228 pater
898 3155 943 3210 ille
953 3164 1065 3222 vocatur,

438 3239 523 3294 Filius
535 3241 587 3305 hic,
598 3259 693 3294 nomon
705 3241 794 3294 divitis
805 3241 850 3294 ille
863 3247 944 3295 tenet.

405 3325 473 3378 Mox
484 3325 529 3378 ubi
541 3324 662 3378 ridendus
673 3323 777 3378 inclusit
787 3326 885 3396 pagins
895 3330 992 3396 portes,

439 3410 512 3466 Vero
523 3411 591 3464 redit
602 3409 693 3476 l'scies,
705 3409 868 3464 dissimulate
878 3411 956 3480 perit.

352 3661 432 3744 Cup.
449 3664 479 3724 8.
503 3659 552 3724 De
565 3660 743 3724 Mundam
760 3657 932 3734 Comoeriia,
947 3658 998 3721 vel
1017 3654 1197 3739 Tragoedia.

341 3794 394 3858 Ετ
415 3789 546 3880 quidem
568 3794 704 3877 eleganti
728 3795 827 3858 utitur
848 3792 1069 3868 similitudine,
1091 3794 1168 3878 quis
1187 3794 1251 3858 sere

298 3895 453 3980 quicquid
468 3895 502 3958 in
518 3897 610 3960 turba
624 3895 766 3978 profsnae
777 3893 991 3958 multitudinis
1005 3893 1121 3974 agitur,
1132 3913 1251 3956 comoe·

297 3996 360 4062 dic
374 4019 469 4081 quum
492 3997 539 4062 rei
553 4007 651 4078 gestis
670 3994 805 4060 similius
824 4003 883 4058 est.
927 3993 1048 4058 Militis
1061 4003 1122 4071 est,
1134 3993 1250 4078 inquit,

296 4098 361 4162 ritu
374 4099 515 4162 hominis
530 4117 624 4182 super
637 4105 761 4161 terram.
794 4098 837 4160 At
851 4095 880 4160 si
894 4105 1002 4160 ocsus
1015 4104 1163 4180 temporo
1175 4116 1250 4180 pro·

296 4198 446 4281 pbcticus
465 4197 595 4281 spiritus
616 4197 830 4281 concepisset,
845 4195 1003 4260 diceretur
1021 4195 1159 4278 egregie,
1175 4198 1251 4280 quis

296 4297 468 4362 Conroedio
483 4309 534 4364 est
548 4299 614 4362 vito
627 4299 767 4362 hominis
781 4319 878 4382 super
899 4307 1025 4372 terrsm,
1040 4297 1097 4360 ubi
1115 4297 1251 4380 quisque

746 4407 808 4463 ut
