3425 5367
450 724 514 784 244
695 729 834 775 scaurus
858 727 1133 776 ssanssmususrs
1264 710 1345 789 [un.
1363 730 1405 775 ιν.

450 884 594 972 publicos
604 882 740 946 honores
752 903 886 959 cessare,
895 883 1056 944 naturales
1068 892 1100 944 et
1111 880 1267 964 genuinos
1279 881 1405 945 exoriri.

451 989 523 1051 Hoc
549 1006 691 1071 quoque,
717 982 821 1068 inquit
848 985 987 1055 Taurus,
1014 980 1101 1067 quod
1126 981 1167 1045 ad
1190 1003 1240 1044 me
1263 982 1405 1057 venistis,

449 1087 537 1175 quod
563 1108 648 1149 nunc
675 1084 846 1171 loquimur,
870 1081 958 1169 quod
985 1081 1025 1145 de
1050 1081 1161 1146 officiis
1186 1082 1404 1159 discertamus,

448 1193 576 1277 privata
589 1188 673 1253 actio
687 1198 745 1251 est.
777 1187 893 1271 ltaque
905 1198 940 1249 tu
957 1197 1048 1271 pater
1064 1197 1153 1250 utere
1165 1184 1214 1249 his
1229 1185 1404 1249 honoribus

448 1292 551 1379 prius,
575 1288 695 1376 quibus
721 1308 852 1373 quoque
878 1285 987 1349 domui
1012 1298 1126 1351 vestrae
1148 1300 1180 1352 te
1203 1286 1251 1352 uti
1266 1286 1404 1373 priorem

448 1392 552 1459 decet.
598 1391 680 1455 Haeo
702 1412 779 1474 ergo
801 1387 1040 1473 magistratibus
1060 1388 1250 1472 generaliter
1275 1411 1407 1474 persna-

449 1491 555 1558 denda
579 1491 727 1567 arbitror,
754 1501 791 1554 ut
816 1489 849 1552 in
876 1485 1044 1575 splendore
1073 1488 1210 1574 publicae
1241 1489 1407 1575 dignitatis

448 1616 603 1659 memores
628 1592 691 1657 sint
714 1590 853 1677 propriae
879 1589 1079 1668 conditionis,
1105 1602 1137 1654 et
1166 1590 1211 1655 εἰσ
1236 1590 1403 1658 attendant

448 1696 588 1785 propriae
602 1692 791 1759 conditionis
811 1704 942 1771 statum,
957 1704 1070 1757 utnon
1092 1692 1303 1758 devenustent
1323 1694 1406 1779 pub-

449 1794 519 1859 licoe
533 1791 700 1879 dignitatis
715 1788 870 1873 gradum
902 1788 946 1853 sic
961 1792 1057 1855 etiam
1073 1791 1179 1856 collati
1201 1793 1262 1857 sibi
1277 1793 1406 1862 honoris

410 1907 413 1911 '
449 1894 663 1981 integritatem
685 1905 822 1968 servent,
844 1902 880 1953 ut
900 1889 1034 1954 aliorum
1055 1914 1117 1957 non
1132 1892 1277 1959 minuant
1300 1895 1407 1981 digni-

450 2011 566 2063 tatem:
596 1994 688 2059 etsie
713 1995 835 2077 privato
856 1992 994 2079 quisque
1016 1992 1133 2079 polleat
1156 1995 1335 2081 dignitate3
1369 2013 1405 2063 ut

450 2120 512 2163 noo
528 2097 584 2161 fiat
599 2095 718 2179 injuria
731 2092 869 2179 publicae
884 2095 1046 2179 potestati.

452 2371 534 2457 Cap.
549 2374 581 2434 8.
605 2371 657 2435 De
672 2372 884 2435 moderatione
890 2370 1026 2451 justitiae
1041 2377 1071 2433 ct
1092 2367 1266 2433 clementias
1283 2374 1408 2453 princi.

490 2477 555 2555 pis,
580 2490 651 2553 que
678 2471 793 2534 debent
817 2473 854 2533 in
880 2490 916 2533 eo
939 2470 984 2530 aa
1007 2470 1183 2533 utilitatem
1209 2470 1407 2553 Reipublicae

493 2575 733 2655 contemperari.

495 2711 673 2774 Onnum
688 2728 765 2791 ergo
779 2705 811 2768 in
827 2703 981 2791 principe,
997 2703 1084 2788 quod
1101 2704 1196 2771 debet
1211 2709 1244 2771 in
1260 2708 1407 2774 omnibus

451 2811 605 2886 obtinere,
617 2830 710 2872 nemo
721 2830 795 2893 quae
810 2828 868 2869 sua
878 2816 953 2869 sunt
962 2819 1099 2891 quaerat,
1111 2806 1165 2871 sed
1178 2831 1252 2894 quae
1262 2810 1406 2876 aliorum.

452 2915 668 2978 Veruntamen
698 2911 799 2996 ipsius
824 2908 999 2973 affectionis
1029 2909 1152 2990 modus,
1174 2933 1239 2997 quo
1267 2914 1408 2978 caritatis
1473 2927 1475 2932 '

453 3014 590 3083 brachiis
620 3013 781 3097 subjectos
810 3026 847 3075 nt
876 3010 992 3074 fratres
1022 3011 1236 3097 amplexatur,
1266 3015 1409 3080 modera-

453 3115 549 3181 tionis
570 3112 729 3177 limitibus
750 3110 924 3175 clauditur.
968 3110 1022 3176 Sic
1044 3111 1127 3175 enim
1154 3112 1269 3178 fratres
1290 3114 1407 3199 diligit,

454 3214 542 3303 quod
564 3215 685 3277 error'es
705 3232 814 3275 eorum
836 3208 1067 3275 medicinaliter
1084 3212 1228 3297 corrigit,
1246 3214 1290 3277 sic
1309 3215 1342 3277 iu
1363 3216 1408 3279 eis

453 3338 578 3382 carnem
604 3313 746 3400 agnoscit
771 3324 804 3376 et
830 3310 1028 3397 sanguinem,
1052 3326 1088 3377 ut
1114 3336 1151 3376 ea
1176 3314 1307 3399 spiritus
1333 3317 1409 3382 sub·

449 3417 541 3506 jiciat
556 3416 681 3481 ditioni.
727 3413 928 3479 Medicorum
954 3414 1068 3499 utique
1083 3415 1279 3479 consuetudo
1294 3428 1354 3493 est,
1371 3432 1408 3483 ut

454 3521 594 3599 morbos,
609 3540 690 3604 quos
709 3516 859 3580 fomentis
875 3527 907 3579 et
928 3514 1102 3579 levioribus
1120 3514 1285 3583 medicinis
1299 3542 1409 3585 curare

455 3630 631 3706 nequeunt,
645 3616 847 3701 gravioribus
867 3615 1031 3691 adhibitis,
1047 3614 1122 3701 igne
1141 3630 1221 3703 puta
1244 3624 1295 3686 vel
1312 3621 1409 3699 ferro,

456 3732 589 3787 curent..
633 3722 702 3783 Nec
724 3740 864 3804 uuquam
887 3730 1023 3783 utuntur
1044 3718 1208 3804 gravibus,
1224 3722 1285 3787 nisi
1309 3747 1409 3809 quum

456 3824 574 3888 levium
589 3819 742 3887 beneficio
756 3818 936 3885 desiderata
950 3820 1068 3885 sanitas
1083 3821 1289 3908 desperatur:
1317 3825 1361 3889 εἰσ
1376 3839 1407 3889 et

456 3940 597 4015 potestas
609 3946 709 4011 quum
720 3922 906 3986 inferiorum
921 3921 997 3987 vitia
1009 3938 1174 3991 mansueta
1185 3947 1280 3989 manu
1296 3948 1410 3992 curare

457 4053 521 4094 non
536 4026 662 4101 sufficit,
678 4046 841 4111 poenarum
857 4020 1059 4089 acrimoniam
1079 4025 1189 4089 dolens
1204 4038 1286 4091 recte
1300 4028 1410 4095 vulne-

458 4130 548 4193 ribus
561 4124 714 4201 infundit,
729 4137 761 4189 et
777 4125 831 4210 pia
845 4124 1033 4189 crudelitate
1053 4125 1143 4190 saevit
1157 4126 1189 4189 in
1205 4125 1315 4205 malos,
1330 4128 1410 4194 dum

457 4232 614 4296 bonorum
625 4225 827 4291 incolumitas
837 4238 1038 4311 procuratur.
1065 4227 1128 4292 Sed
1140 4226 1213 4312 quis
1224 4227 1290 4294 sine
1301 4229 1410 4295 dolore

458 4331 579 4421 proprii
595 4330 737 4415 corporis
746 4328 889 4393 membra
900 4328 1001 4393 valuit
1012 4334 1202 4415 amputare?
1227 4332 1323 4397 Dolet
1334 4356 1412 4419 ergo
