3425 5367
460 752 523 809 ‘254
724 763 861 808 romnus
878 762 1157 808 sransnnnrnnsrs
1271 743 1351 821 [mn.
1369 761 1413 804 rv.

458 913 605 979 muliebri
636 912 823 978 infirmitate
852 912 961 997 legens
994 913 1137 996 vestigia.
1184 909 1411 995 Compatriotis

455 1014 604 1080 omnibus
617 1015 732 1079 ducem
759 1011 859 1091 dedit,
874 1011 977 1076 virum
1003 1012 1108 1087 armiS,
1125 1023 1156 1074 et
1183 1009 1302 1095 pietate
1328 1031 1410 1094 prae·

455 1117 587 1201 signem.
633 1114 724 1180 Alias
746 1113 829 1176 enim
856 1112 923 1176 dux
954 1126 1035 1178 esset
1057 1111 1190 1191 inutilis,
1211 1132 1312 1196 quum
1344 1109 1410 1172 sine

453 1217 575 1281 viribus
600 1239 698 1302 regna
723 1213 846 1299 acquiri
870 1236 931 1277 non
960 1213 1095 1289 valeant,
1115 1224 1172 1276 aut
1195 1211 1262 1275 sine
1280 1211 1408 1296 justitia

453 1317 590 1382 retineri.
636 1315 733 1382 Nunc
755 1337 830 1378 vero
856 1315 997 1378 omnium
1025 1315 1119 1378 unica
1143 1312 1325 1378 sollicitudo
1347 1325 1408 1377 est,

452 1419 579 1495 liberos,
591 1421 828 1504 qualescunque
840 1416 914 1494 sint,
925 1417 1045 1482 divitiis
1054 1431 1086 1481 et
1101 1416 1275 1481 honoribus
1287 1415 1406 1500 potius,

452 1544 550 1607 quam
574 1520 749 1585 virtutibus
762 1519 924 1604 insignire.
970 1519 1156 1604 Negligitur
1178 1517 1292 1583 etenim
1317 1517 1405 1602 quod

452 1645 533 1686 onus
552 1619 738 1704 reipublicae
757 1621 949 1706 imponatur.
995 1620 1143 1706 Expulso
1164 1619 1309 1705 Superbo
1327 1621 1406 1683 Tar·

451 1722 573 1808 quinio,
586 1722 642 1808 qui
658 1721 802 1805 regnavit
813 1721 845 1784 in
863 1721 942 1786 urbe
953 1722 1153 1797 novissimus,
1165 1743 1264 1806 quum
1280 1724 1404 1785 Brutus

339 1843 354 1860 ·’
450 1822 573 1910 primns
596 1821 716 1888 Consul
734 1821 850 1886 liberos
872 1845 945 1885 suos
967 1821 1007 1884 de
1029 1821 1214 1884 revocandis
1235 1819 1266 1883 in
1292 1821 1403 1886 urbem

449 1923 579 2008 regibus
597 1945 690 2008 agere
710 1921 919 2006 cognovisset,
935 1945 987 1987 eos
1008 1922 1166 2008 protraxit
1183 1921 1214 1985 in
1238 1921 1355 1999 forum,
1372 1931 1404 1984 et

449 2024 482 2088 in
497 2023 602 2088 media
616 2024 765 2086 concione
779 2023 878 2107 virgis
897 2045 1005 2104 caesos,
1019 2023 1147 2087 tandem
1163 2025 1264 2087 securi
1278 2023 1402 2109 percuti

445 2126 554 2212 jussit,
569 2137 606 2188 ut
626 2125 720 2210 plane
741 2123 889 2209 publicus
911 2147 1034 2210 parens,
1049 2125 1081 2187 in
1105 2124 1208 2188 locum
1231 2125 1403 2189 liberorum

446 2225 610 2290 videretur
638 2223 795 2310 populum
830 2225 1007 2310 adoptasse.
1061 2227 1135 2310 Ego
1170 2225 1311 2312 quidem,
1341 2225 1398 2290 etsi

445 2325 652 2410 parricidium
670 2325 919 2412 perhorrescam,
935 2326 1083 2392 Consulis
1105 2349 1168 2390 non
1184 2349 1313 2413 possum
1334 2349 1396 2390 non

444 2427 623 2513 approbare
637 2427 744 2509 fidem,
762 2431 820 2513 qui
840 2429 953 2493 maluit
974 2429 1108 2494 salutem
1129 2430 1303 2494 liberorum
1326 2452 1398 2494 suo-

444 2552 516 2593 rum
532 2529 717 2615 periclitari,
732 2552 828 2616 quam
844 2531 964 2616 populi.
1004 2530 1104 2596 Recte
1118 2554 1157 2595 ne
1172 2531 1294 2610 iecerit,
1307 2533 1396 2619 judi-

443 2644 514 2696 cent
530 2631 697 2718 sapientes.
736 2634 810 2719 Ego
832 2634 916 2696 enim
936 2656 1084 2720 campum
1099 2633 1195 2698 istum
1217 2636 1397 2700 oratoribus

442 2733 506 2798 late
521 2746 629 2821 patere
650 2737 796 2821 cognovi,
812 2750 844 2800 et
860 2735 892 2798 in
915 2759 952 2800 eo
967 2735 1193 2802 declamatores
1214 2737 1247 2800 in
1263 2737 1397 2823 ancipiti

441 2837 574 2902 materia
593 2837 709 2924 saepius
731 2836 912 2919 desudasse,
928 2838 1005 2902 dum
1029 2839 1060 2902 in
1077 2839 1274 2904 absolutione
1294 2841 1394 2925 parri-

441 2938 513 3004 cidii
540 2939 620 3004 fides
641 2940 775 3020 laborat,
798 2953 830 3003 et
852 2940 1050 3026 parricidalis
1074 2941 1221 3026 impietas
1246 2941 1394 3006 meritum

439 3040 513 3104 fidei
528 3054 662 3105 conatur
680 3042 878 3126 extinguere.
917 3042 1012 3115 Quod
1034 3041 1059 3106 si
1079 3065 1129 3105 me
1144 3042 1183 3105 ad
1208 3043 1394 3108 sententiam

437 3164 544 3226 urges,
574 3143 751 3229 respondeo
780 3144 869 3229 quod
896 3144 928 3206 in
958 3167 1053 3209 causa
1083 3146 1265 3232 Smyrnensi
1294 3150 1394 3210 Aren-

436 3243 562 3330 pagitas
578 3247 637 3314 Cn.
651 3245 828 3310 Dolabellae
843 3247 970 3310 invenio
982 3251 1189 3334 respondisse.
1224 3248 1275 3313 Ad
1287 3270 1394 3336 quem,

433 3347 628 3431 provinciam
652 3350 763 3415 Asiam
786 3351 1005 3435 proconsulari
1027 3351 1162 3438 imperio
1184 3351 1391 3430 obtinentem,

433 3450 546 3514 mulier
563 3453 762 3536 Smyrnensis
777 3452 918 3516 adducta
934 3465 993 3530 est,
1010 3454 1163 3518 confitens
1179 3475 1211 3516 se
1227 3451 1389 3542 maritum,

431 3562 464 3612 et
486 3549 599 3630 filium,
614 3552 698 3615 datis
720 3553 800 3614 clam
826 3553 964 3626 venenis,
987 3554 1149 3632 occidisse,
1173 3577 1211 3618 eo
1232 3553 1321 3640 quod
1343 3552 1390 3616 illi

431 3648 531 3711 filium
547 3650 618 3733 ejus
633 3673 673 3712 ex
685 3649 785 3714 altero
796 3651 999 3714 matrimonio
1013 3655 1185 3740 optimum,
1197 3675 1229 3721 et
1242 3657 1388 3720 innocen-

430 3748 587 3814 tissimum
598 3751 750 3836 juvenem
766 3762 938 3835 exceptum
953 3751 1077 3818 insidiis
1096 3758 1243 3843 nequiter
1257 3758 1388 3821 occidis·

430 3864 510 3933 sent,
524 3852 584 3917 sibi
603 3853 727 3918 licitum
748 3876 815 3917 esse
830 3874 969 3916 asserens
989 3877 1028 3917 ex
1044 3855 1245 3941 indulgentia
1267 3857 1385 3939 legum,

429 3963 462 4014 et
472 3953 528 4036 jus
543 3953 701 4038 ignorare,
717 3967 749 4018 et
765 3975 866 4030 suam,
882 3965 914 4016 et
937 3975 1079 4032 suorum,
1095 3968 1126 4018 et
1143 3956 1246 4019 totius
1256 3956 1384 4039 reipub-

429 4051 498 4118 licae
514 4078 591 4132 suae,
607 4068 673 4119 tam
689 4069 827 4120 atrocem
842 4055 992 4141 injuriam
1011 4057 1178 4121 vindicare.
1217 4057 1240 4119 J
1243 4080 1280 4120 us
1294 4065 1387 4121 extra

430 4177 557 4221 causam
573 4171 652 4234 erat,
668 4181 769 4243 quum
781 4157 821 4221 de
833 4158 919 4224 facto
933 4173 1099 4238 constaret,
1111 4172 1142 4224 et
1158 4160 1197 4224 de
1208 4160 1283 4245 jure
1299 4183 1386 4246 quae-

426 4269 558 4321 reretur.
598 4259 706 4334 Quum
722 4282 799 4344 ergo
821 4258 989 4324 Dolabella
1004 4283 1069 4324 rem
1090 4261 1123 4324 in
1140 4261 1305 4327 concilium
1331 4260 1385 4324 de-

425 4356 580 4440 duxisset,
594 4382 655 4423 non
673 4361 730 4425 suit
747 4361 814 4446 qui,
825 4361 863 4424 in
878 4385 973 4426 causa
988 4375 1023 4427 ut
1048 4365 1225 4450 putabatur
1242 4363 1383 4450 ancipiti,
