3425 5367
304 723 375 767 car.
390 707 497 787 xxva]
654 723 906 770 marcasrrcus.
1191 683 1252 771 ma

305 871 435 938 sufficio.
480 871 562 948 Quis
587 875 669 938 enim
699 875 779 939 adeo
808 874 932 961 sapiens
956 887 1015 952 est,
1041 887 1077 938 ut
1104 873 1252 937 omnibus

305 974 602 1060 cujusvisimperiti,
612 976 728 1040 nedum
739 975 1251 1062 tuis,quaestionibussatisfaciat?

307 1073 424 1138 Totius
448 1075 586 1163 denique
609 1076 723 1142 veteris
749 1077 956 1165 philosophiae
977 1076 1124 1164 princeps
1147 1075 1252 1153 Plato,

306 1172 404 1238 levem
418 1175 470 1255 (ut
479 1177 605 1262 fertur),
614 1178 702 1264 quod
716 1192 820 1242 tamen
836 1179 877 1241 de
890 1179 1032 1242 Homero
1045 1179 1153 1241 verius
1168 1175 1252 1239 dice·

304 1288 403 1352 retur,
428 1276 531 1340 nescio
553 1300 648 1363 quam
675 1291 844 1342 nautarum
866 1279 1072 1362 quaestionem
1094 1273 1253 1360 explicare

303 1397 365 1439 non
382 1378 498 1463 potuit.
543 1378 639 1443 Unde
661 1401 760 1463 quum
776 1379 817 1442 ab
839 1378 957 1442 eisdem
974 1376 1203 1463 impudentius,
1219 1391 1251 1439 et

304 1478 498 1562 protractius
512 1477 722 1554 derideretur,
739 1492 856 1543 uteret
873 1482 920 1542 vir
939 1478 1110 1542 verecundi
1125 1476 1254 1561 ingenii,

307 1577 398 1664 quasi
414 1579 553 1644 toxicato
564 1579 756 1645 confusionis
766 1579 875 1665 jaculo
886 1579 1048 1666 perfossus
1057 1578 1098 1641 ad
1110 1591 1254 1652 mortem,

308 1680 457 1766 spiritum
471 1680 675 1746 novissimum
691 1681 863 1746 exhalavit.
894 1681 1060 1745 Puduerat
1071 1682 1155 1744 enim
1170 1678 1258 1764 quod

308 1781 402 1867 quasi
428 1781 527 1846 totius
554 1782 735 1846 Academiae
760 1782 964 1868 improperio,
990 1781 1258 1867 exprobraverant

309 1882 482 1970 principem
518 1883 786 1969 Philosophorum
822 1883 969 1960 Graeciae,
998 1883 1093 1948 etiam
1128 1881 1258 1946 minima

307 1983 462 2070 ignorare.
510 1989 580 2050 Hoc
595 1999 702 2050 autem
722 1985 832 2050 asserit
849 1985 1023 2050 Flavianus
1040 1986 1074 2048 in
1093 1983 1185 2060 libro,
1203 1983 1257 2069 qui

271 2121 276 2128 ·
309 2089 361 2152 De
384 2087 525 2171 vestigiis
548 2086 816 2174 Philosophorum
842 2087 1038 2165 inscribitur,
1063 2084 1256 2172 Xenophon·

309 2189 392 2253 tinns
406 2189 539 2254 faciente
547 2187 678 2269 invidia,
689 2187 842 2254 adversus
853 2187 996 2253 Platonis
1006 2186 1139 2273 gloriam
1152 2187 1257 2273 imph-

308 2290 419 2355 denter
445 2290 581 2356 linxisse.
620 2289 712 2354 Licet
739 2290 969 2376 quamplurimi
993 2312 1065 2354 eum
1089 2289 1132 2353 ob
1155 2311 1258 2352 sacra·

308 2404 450 2456 mentum
469 2391 594 2456 numeri
616 2404 754 2456 asserant
778 2391 864 2456 ultro
886 2391 1022 2454 animam
1039 2391 1182 2475 posuisse
1202 2388 1259 2453 illc

311 2496 414 2558 aetatis
429 2515 495 2556 suae
505 2515 588 2556 anno
602 2490 741 2578 expleto,
752 2515 846 2578 quem
860 2492 1049 2555 novenarius
1061 2491 1093 2554 in
1106 2513 1139 2555 se
1152 2490 1258 2576 ipsum

310 2596 428 2658 ductus
443 2593 599 2673 effecerat,
613 2615 651 2657 eo
666 2592 752 2678 quod
768 2591 885 2657 exinde
901 2613 964 2656 non
979 2591 1100 2656 accedit
1115 2591 1261 2655 humaui-

310 2693 369 2760 tati
385 2693 443 2758 nisi
459 2693 594 2758 laboret
610 2691 710 2756 dolor.
755 2693 874 2755 Fateor
891 2679 1040 2776 equidem
1055 2713 1106 2754 me
1124 2688 1262 2774 paucula

310 2794 400 2871 scire,
415 2807 447 2860 et
463 2816 536 2858 cum
551 2792 662 2857 multis
676 2791 814 2878 plurima
827 2791 982 2876 ignorare,
993 2813 1052 2855 nec
1066 2803 1171 2856 tamen
1187 2791 1262 2856 vitae

311 2918 430 2962 munus
445 2894 535 2981 quasi
551 2897 712 2958 Homerus
727 2891 850 2978 pudore
865 2892 969 2957 victus
982 2892 1106 2979 abjicio.
1138 2894 1171 2959 Si
1185 2917 1262 2980 ergo

310 2994 531 3084 providentiae,
552 3007 584 3059 et
606 2993 698 3058 liberi
724 2993 848 3059 arbitrii
870 2994 958 3059 litem
985 3014 1173 3080 componere
1198 3018 1261 3060 non

312 3096 445 3177 sufficio,
460 3095 484 3161 si
499 3096 637 3162 fatorum
653 3109 684 3160 et
699 3095 862 3160 facilitatis
880 3108 1004 3160 naturae
1018 3100 1260 3183 repugnantiam

311 3220 437 3284 nequeo
458 3197 658 3276 concordare,
681 3196 827 3283 nunquid
851 3197 924 3261 ideo
950 3197 1054 3261 minus
1077 3221 1187 3262 verum
1213 3212 1262 3264 est

310 3301 372 3367 ista
396 3303 488 3365 esse?
522 3299 612 3366 Sicut
637 3298 670 3362 in
695 3281 770 3383 jure
794 3297 880 3363 civili
907 3320 980 3362 reus
1008 3298 1263 3383 frequentissime

312 3398 516 3464 favorabilior
540 3409 599 3476 est,
624 3397 671 3460 ita
693 3393 842 3482 quaedam
868 3408 941 3460 sunt
965 3394 1264 3478 investigationibus

312 3498 550 3585 philosophicis,
578 3496 635 3560 ubi
663 3494 853 3582 plerumque
889 3495 993 3583 potior
1028 3517 1102 3583 pars
1135 3491 1264 3562 videtur

313 3601 439 3666 actoris.
483 3603 557 3664 Hoc
579 3610 684 3662 autern
708 3621 748 3662 ex
765 3597 892 3663 delectu
915 3612 1023 3663 nostro
1037 3597 1175 3663 arbitror
1193 3602 1265 3663 eve-

314 3705 390 3768 nire.
437 3699 623 3764 Intellectus
645 3699 728 3762 enim
751 3699 834 3764 circa
855 3721 961 3764 rerum
984 3700 1089 3784 prima
1111 3700 1266 3787 principia

315 3803 431 3868 delicit.
478 3802 519 3866 ln
538 3797 588 3865 his
607 3799 793 3864 scrutinium
814 3798 1034 3887 providentiae,
1050 3801 1266 3885 investigatio-

314 3926 449 3992 nemque
478 3901 631 3980 materiae,
660 3914 691 3965 et
722 3900 797 3965 lidei
826 3912 943 3964 nostra
971 3899 1090 3964 multos
1118 3901 1267 3966 articulos

314 4009 477 4092 aptissime
488 4025 599 4068 censeo
613 4001 781 4067 numerari.
813 4001 901 4064 Dum
913 4000 947 4064 in
961 3998 1161 4086 providentia
1171 4001 1267 4067 unius

316 4107 465 4194 quaerelae
494 4103 669 4170 molestiam
701 4103 840 4190 perimis,
868 4102 957 4167 velut
990 4101 1102 4189 hydrae
1133 4105 1266 4190 praeciso

313 4209 428 4297 capite,
447 4207 589 4295 plurium
613 4217 814 4270 succrescunt
834 4203 940 4289 capita
962 4206 1185 4288 quaestionum.
1228 4209 1264 4274 Si

316 4311 351 4376 in
366 4311 507 4378 materia
529 4309 640 4374 silvam
662 4305 898 4394 progredimur,
912 4303 999 4368 illico
1017 4303 1158 4390 patimur
1177 4301 1266 4394 quod
