3425 5367
293 748 365 793 ors.
380 728 458 807 xrs]
643 748 897 794 moronarrous.
1185 734 1245 794 alr

292 900 458 977 consistat,
474 911 510 963 ut
531 899 708 963 similises
731 900 890 963 similibus
911 910 1126 983 procreentur.
1172 901 1243 965 Cae·

292 1014 392 1065 terum
405 1002 481 1085 quie
489 1001 672 1084 praesidum,
683 1010 717 1065 et
727 1002 860 1065 aliorum
865 1000 1024 1084 judicum,
1040 1022 1243 1065 communem

292 1122 363 1165 esse
377 1102 612 1185 inspectionem
626 1103 852 1186 praemisimus,
870 1102 1042 1185 aequitatis,
1058 1111 1091 1165 et
1105 1102 1245 1185 publicae

292 1204 410 1287 quietis
424 1204 560 1267 ministri
576 1217 661 1280 sunt,
676 1225 758 1287 quos
779 1214 868 1265 tauto
891 1204 1198 1287 circumspectiores,
1213 1212 1246 1267 et

292 1306 448 1369 cautiores
469 1315 594 1387 oportet
616 1325 698 1378 esse,
713 1304 879 1385 magisque
894 1303 1061 1380 sollicitos,
1077 1324 1141 1385 quo
1162 1303 1248 1368 illius

293 1418 491 1469 reservantur
519 1406 673 1482 examini,
702 1404 796 1487 cujus
829 1404 998 1486 prudentia
1028 1404 1249 1468 circumveniri

293 1527 358 1568 non
379 1514 498 1589 potest,
522 1516 578 1569 aut
595 1505 723 1589 justitia
743 1506 925 1587 corrumpi:
948 1504 1004 1566 illo
1024 1506 1199 1583 obtinente,
1214 1516 1249 1569 ut

292 1608 327 1669 in
342 1626 407 1689 quo
424 1605 553 1689 judicio
568 1604 796 1689 judicaverint,
807 1602 1005 1687 judicentur,
1020 1616 1052 1667 et
1066 1624 1248 1668 mensuram

293 1710 412 1771 bonam
427 1718 460 1770 et
474 1707 659 1783 confertam,
669 1715 703 1768 et
716 1706 919 1787 coagitatam,
932 1714 964 1767 et
974 1705 1249 1788 supereffluentem

293 1808 327 1871 in
343 1810 431 1873 sinus
445 1830 521 1873 suos
535 1807 675 1892 ajndice
688 1806 775 1891 justo
790 1806 958 1890 recipiant.
981 1798 983 1803 ⁵
1022 1816 1026 1827 ’

294 1998 375 2081 Cap.
394 2002 444 2060 12.
468 1996 521 2059 De
544 2000 747 2058 reuomente
762 1994 924 2073 judicum,
946 2002 979 2056 et
998 1995 1170 2057 collatione
1184 1994 1250 2075 Py-

337 2098 478 2179 thoqorae
500 2096 730 2173 etntecandri,
751 2104 785 2157 et
803 2096 839 2157 in
861 2094 975 2175 quidm
994 2095 1089 2157 rebus
1105 2094 1250 2174 qratiam

331 2199 486 2281 portibus
505 2199 614 2279 possit
627 2199 744 2281 facere
760 2196 878 2275 judea,
900 2204 934 2259 et
956 2196 996 2259 de
1021 2194 1250 2277 questionibus

338 2302 504 2383 captiosis,

337 2426 392 2487 Er
415 2422 543 2507 quidem
561 2421 690 2504 judices
711 2430 911 2484 sacramento
933 2420 1060 2499 legibus
1081 2420 1250 2501 alligantur

290 2526 400 2611 jurati,
427 2523 505 2605 quia
533 2522 739 2585 omnimodo
761 2520 923 2604 judicium
951 2542 1026 2583 curn
1053 2520 1195 2597 veritate,
1217 2528 1249 2583 et

265 2628 403 2715 ⁴legum
433 2621 655 2685 observatione
688 2620 871 2703 disponent.
917 2620 994 2702 Ipso
1025 2639 1153 2703 quoque
1178 2618 1250 2703 jure
1268 2641 1430 2709 apeme,

295 2735 426 2790 cautum
457 2732 517 2796 est,
547 2732 584 2785 ut
612 2742 775 2784 sacrorum
806 2719 1054 2801 Evangeliorum
1084 2720 1250 2803 scripturn

295 2825 463 2898 terribiles,
485 2836 559 2887 aute
578 2821 688 2886 sedem
706 2822 893 2907 judicialem
914 2821 1126 2905 deponantur,
1140 2822 1250 2903 ibique

296 2928 338 2990 ab
363 2926 455 2988 initio
480 2924 597 3001 litium,
619 2922 661 2987 ad
687 2922 783 2986 linem
813 2944 916 3007 usque
942 2932 1162 3006 permaneant,
1187 2942 1248 2986 nec

297 3034 517 3099 amoveantur,
539 3025 601 3087 nisi
624 3024 782 3088 sententia
804 3025 947 3102 recitata,
969 3044 1032 3108 quo
1053 3024 1153 3087 totius
1175 3043 1250 3086 con·

296 3126 416 3191 sistorii
441 3125 589 3201 latitudo,
604 3126 668 3189 Dei
689 3126 793 3209 ipsius
808 3127 929 3209 repleta
944 3126 1123 3209 praesentia,
1148 3124 1250 3187 omni·

297 3230 361 3292 bus
385 3226 429 3291 ad
455 3239 674 3291 sacrosanctas
698 3227 871 3311 scripturas
900 3236 1020 3289 metum
1045 3227 1191 3300 incutiat,
1219 3234 1252 3288 et

295 3327 516 3403 reverentim,
543 3336 577 3391 et
600 3329 640 3391 ab
666 3327 873 3409 inquisitione
900 3327 1038 3389 veritatis
1064 3327 1168 3389 omnis
1193 3327 1254 3389 ini-

293 3430 405 3514 quitas
433 3430 645 3513 propulsetur.
699 3429 822 3492 Omnes
845 3448 975 3513 quoque
999 3428 1103 3490 carnis
1126 3438 1158 3489 et
1180 3448 1254 3490 san·

291 3531 415 3613 guinis,
436 3531 549 3613 religio
562 3529 747 3613 judiciaria,
767 3530 917 3613 propellit
934 3531 1079 3607 affectus,
1096 3548 1254 3592 evacuans

292 3632 377 3695 iram
401 3643 435 3695 et
459 3632 582 3707 odium,
608 3642 730 3695 metum
754 3642 788 3695 et
814 3632 1009 3696 amicitiam:
1037 3632 1124 3715 quia,
1151 3644 1184 3694 ut
1209 3630 1255 3694 ait

294 3732 406 3796 Julius
430 3732 549 3811 Caesar,
570 3732 659 3795 baud
681 3734 776 3796 facile
809 3734 936 3796 animus
961 3752 1068 3794 rerum
1099 3730 1254 3813 providet,

296 3832 358 3895 ubi
385 3834 448 3897 ista
475 3833 660 3915 proliciunt.
720 3834 809 3897 Hinc
838 3844 889 3897 est
926 3831 1007 3894 illud
1041 3832 1256 3911 proverbium,

293 3944 431 3999 auctore
446 3934 605 3999 Cicerone
620 3934 709 4018 apud
720 3934 871 4017 antiquos
882 3930 1141 3995 celeberrimum:
1166 3932 1256 3997 exuit

296 4055 472 4117 personam
481 4034 614 4119 judicis,
640 4034 788 4119 quisquis
802 4034 942 4098 amicum
968 4030 1082 4095 induit
1108 4032 1256 4115 AEquitas

298 4134 389 4199 enim
404 4136 458 4199 cui
478 4135 584 4219 judex
609 4136 800 4219 obsequium
816 4134 923 4212 debet,
938 4132 1005 4196 odii
1019 4132 1188 4213 sinistram,
1203 4142 1259 4197 aut

298 4234 420 4299 amoris
433 4234 581 4299 dextram
597 4237 710 4301 nescit.
755 4237 841 4300 Nam
857 4257 877 4299 a
896 4236 1024 4299 veritate
1046 4256 1111 4299 nou
1130 4236 1206 4300 licet
1224 4236 1260 4298 in

293 4333 435 4421 judiciis
460 4335 632 4401 declinere.
689 4339 736 4399 Ut
758 4358 831 4401 rero
856 4336 1028 4419 plurimum
1058 4335 1260 4417 indulgeatur
