3425 5367
477 716 540 776 340
620 733 756 777 roaruus
772 732 1052 778 saarsunrrrnrrsrs
1070 726 1326 778 rocrcaarmus.

479 884 520 949 ad
535 886 651 950 ostium
668 886 875 950 contemtoris
891 885 1046 950 studiosiu
1056 886 1211 970 spulsaut.
1245 883 1340 957 Quod
1355 886 1430 948 bea·

478 996 530 1051 tus
549 988 716 1070 Eugenius
735 1008 866 1051 munera
886 989 1011 1051 cautius
1032 988 1194 1068 abigebat,
1211 986 1252 1051 ad
1273 1008 1347 1049 eum
1370 1009 1429 1050 uu-

478 1087 574 1172 dique
600 1089 809 1171 multiplicius
840 1090 1055 1153 confluebant.
1111 1088 1186 1152 Hoc
1213 1110 1340 1173 quoque
1365 1088 1431 1152 fere

478 1192 598 1275 ubique
619 1191 747 1266 accidit,
763 1203 799 1255 ut
818 1192 953 1274 fugiant,
975 1192 1051 1255 dum
1074 1202 1267 1277 quaeruntur,
1283 1192 1359 1255 dum
1382 1192 1430 1254 fu·

480 1302 593 1373 gantur
607 1294 798 1356 accelerant
843 1292 889 1356 Et
903 1292 974 1357 haec
991 1292 1123 1377 quidem
1132 1293 1182 1356 via
1192 1293 1431 1377 compendiosa,

478 1401 511 1456 et
529 1393 753 1457 honestissima
774 1406 823 1457 est
842 1394 885 1459 ad
906 1395 1040 1459 divitias.
1087 1394 1193 1470 Quum
1208 1396 1295 1459 enim
1311 1395 1430 1459 diritiae

477 1493 649 1577 prudenter
669 1495 893 1573 excluduntur,
914 1506 946 1558 et
971 1496 1035 1560 rita
1055 1504 1172 1561 aeterna
1192 1496 1376 1580 acquiritur,
1398 1506 1430 1559 et

478 1596 625 1659 cumulus
640 1594 819 1659 divitiarum
834 1596 970 1661 accedit.
1007 1598 1052 1661 Et
1066 1598 1094 1661 si
1109 1599 1171 1662 hoc
1187 1600 1282 1662 nimis
1297 1598 1429 1662 arduum

478 1696 603 1762 ridetur
617 1697 698 1776 aliis,
712 1700 761 1761 rel
778 1720 798 1762 a
807 1698 974 1783 judicibus
993 1710 1056 1764 tam
1082 1701 1318 1777 ecclesiasticis,
1334 1721 1429 1784 quam

478 1798 661 1875 mundanis,
688 1800 743 1882 qui
768 1799 966 1882 professione
994 1812 1049 1864 aut
1074 1812 1273 1865 sacramento
1294 1800 1428 1885 justitiae

478 1900 612 1983 obligati
627 1910 712 1978 sunt,
726 1900 854 1984 impleri
869 1911 1006 1984 oportet.
1038 1904 1255 1987 Utrorumqne
1271 1901 1429 1985 siquidem

477 2001 577 2065 forma
595 2003 724 2065 Samuel
747 2013 804 2081 cst,
819 2004 875 2086 qui
896 2003 942 2067 sic
963 2005 1092 2087 praefuit
1115 2004 1293 2083 sacrificiis,
1308 2013 1345 2067 ut
1362 2022 1429 2065 non

476 2116 618 2187 parceret
636 2105 787 2185 sanguini
803 2106 981 2189 impiorum,
998 2107 1043 2169 sic
1062 2105 1189 2189 judicia
1213 2116 1347 2189 utraque
1371 2124 1429 2167 ex·

477 2206 586 2285 creuit,
604 2227 645 2268 ne
660 2207 759 2268 ullum
781 2208 987 2291 opprimeret,
1003 2218 1035 2270 et
1057 2206 1096 2269 de
1112 2227 1209 2269 manu
1234 2206 1426 2289 cujusquam

475 2306 555 2368 nihil
581 2308 716 2390 accepit.
779 2310 854 2372 Hoc
880 2318 1013 2373 testatur
1039 2308 1236 2372 conscientia
1260 2307 1430 2383 Samuelis,

476 2417 640 2471 attestatur
654 2422 687 2472 et
705 2411 856 2493 populus,
874 2423 905 2473 et
929 2422 1036 2474 tamen
1052 2432 1118 2474 non
1143 2410 1221 2473 satis
1243 2408 1280 2472 fit
1303 2406 1428 2472 consci-

475 2510 571 2575 entiae
585 2513 793 2595 scmpulosae,
807 2513 870 2575 nisi
885 2523 1083 2577 sacramento
1098 2533 1188 2577 suum
1205 2512 1344 2596 populus
1369 2522 1429 2573 tes·

476 2614 642 2676 timonium
660 2615 831 2677 roboraret.
876 2614 931 2677 Ait
949 2615 1050 2677 enim:
1078 2614 1185 2677 Testis
1202 2624 1250 2677 est
1267 2612 1427 2675 Dominus

476 2715 627 2779 adversus
642 2736 710 2794 ros,
724 2726 755 2778 et
770 2716 858 2779 testis
874 2716 1019 2780 Christus
1034 2716 1103 2801 ejus
1128 2716 1162 2779 in
1187 2712 1238 2777 die
1264 2714 1338 2787 hac,
1354 2712 1430 2796 quia

475 2838 538 2879 non
561 2817 743 2880 inveneritis
766 2818 798 2879 in
822 2838 919 2880 manu
943 2838 1015 2880 mea
1039 2817 1214 2901 quippiam.
1258 2816 1304 2878 Er
1327 2813 1428 2877 dixit:

475 2920 590 2983 Testis.
635 2918 826 3004 cuicunque
848 2920 997 2983 obtestati
1017 2919 1230 3003 provinciales
1252 2919 1315 2981 tale
1341 2918 1429 2981 testi·

475 3024 619 3085 monium
634 3021 814 3105 perhibent,
829 3020 870 3084 ad
886 3020 1045 3106 judicium
1062 3020 1302 3103 omnipotentis,
1316 3030 1348 3084 et
1362 3040 1430 3083 om-

476 3121 527 3185 nia
552 3124 682 3187 scientis
701 3124 767 3187 Dei
791 3144 922 3187 securus
947 3124 1089 3188 accedat.
1134 3122 1269 3187 Provide
1292 3142 1431 3205 namque

476 3242 605 3287 causam
629 3224 767 3303 instruit,
791 3227 846 3310 qui
870 3225 905 3288 in
929 3227 1079 3290 examine
1103 3224 1333 3289 conscientiam
1355 3244 1429 3307 pro·

476 3323 579 3404 ducit,
593 3336 625 3391 et
639 3326 725 3390 diem
738 3327 927 3407 humanum,
942 3348 1077 3410 quorum
1093 3340 1141 3391 est
1149 3326 1255 3412 judex
1282 3325 1432 3390 conscius

474 3428 507 3489 iu
529 3431 671 3492 excelso.
716 3430 781 3501 Qui
804 3451 877 3493 vero
904 3451 979 3493 cum
1000 3430 1148 3493 Samuele
1166 3449 1232 3492 non
1256 3426 1431 3490 discutiunt

477 3531 531 3593 hic
541 3530 665 3613 judicia
681 3552 748 3609 sua,
763 3531 822 3595 sed
836 3532 977 3615 prompti
993 3531 1034 3594 ad
1056 3528 1281 3592 excusationes
1295 3526 1330 3588 in
1353 3546 1429 3609 pec·

477 3631 570 3705 catis,
586 3632 678 3713 quasi
692 3632 765 3694 lotis
779 3632 929 3693 manibus
945 3652 1018 3692 cum
1033 3630 1136 3691 Pilato
1162 3628 1313 3706 clamant,
1337 3648 1429 3691 mun-

476 3730 536 3793 dus
550 3752 609 3813 ego
620 3751 690 3792 sum
706 3751 725 3793 a
741 3730 896 3811 sauguine
907 3728 986 3815 justi
999 3729 1106 3815 hujus,
1118 3730 1192 3813 quia
1203 3732 1429 3811 contralegem

474 3842 698 3916 peccaverunt,
713 3841 745 3896 et
756 3852 813 3914 per
826 3832 932 3913 legem
947 3829 1191 3895 damnabuntur.
1237 3829 1301 3894 Sed
1324 3842 1357 3894 et
1380 3827 1430 3894 illi

475 3935 692 4001 damnationis
706 3944 798 3999 erunt
813 3935 999 4018 participes,
1024 3934 1078 4018 qui
1102 3953 1158 3996 eos
1181 3942 1317 4015 possunt
1339 3932 1429 3995 cohi·

473 4038 548 4099 bere
564 4058 624 4100 nec
640 4039 759 4100 volunt.
804 4038 848 4099 Et
865 4036 904 4099 de
920 4037 970 4099 his
995 4035 1122 4120 quidem
1139 4033 1216 4096 satis
1231 4030 1355 4095 dictum
1380 4045 1429 4098 est

472 4138 618 4220 sapienti.
662 4137 802 4201 Proinde
829 4138 871 4201 ad
887 4139 1125 4223 proportionem
1140 4155 1304 4211 manuum,
1330 4156 1427 4218 quam

474 4238 666 4301 Plutarchus
681 4238 820 4313 induxit,
836 4250 975 4303 transeat
992 4240 1101 4321 stylus.
