3425 5367
476 733 539 793 338
764 744 900 789 Juuuurs
917 744 1193 789 suuusuuurnusrs
1306 726 1387 809 [orn.
1405 748 1432 802 v¹

478 898 626 962 Profecto
641 898 668 962 si
684 898 714 961 ei
729 897 870 981 perfecte
886 896 1067 962 crederetur
1083 898 1140 979 qui
1154 898 1208 974 ait,
1220 896 1341 961 divitiae
1356 910 1432 963 suut

477 1000 590 1084 spina,
619 998 749 1062 minime
780 1008 870 1062 tanto
905 996 1013 1061 studio
1042 1020 1061 1060 a
1090 998 1294 1082 sapientibus
1330 1000 1431 1062 nostri

474 1102 625 1185 temporis
661 1107 885 1184 quaererentur.
943 1100 990 1163 Ut
1026 1120 1101 1180 ergo
1139 1098 1273 1163 Publius
1305 1100 1432 1183 Carpus

476 1200 531 1278 ait,
556 1200 668 1263 divites
693 1199 888 1283 pauperibus
914 1198 1094 1262 miseriores
1121 1209 1205 1277 sunt,
1231 1220 1269 1262 eo
1298 1200 1386 1283 quod
1412 1222 1431 1263 a

476 1302 633 1385 sapientia
673 1300 802 1380 longius
839 1302 970 1362 abeunt.
1031 1298 1207 1384 Appetitus
1249 1300 1429 1365 divitiarum

475 1402 639 1487 sapientia
662 1397 807 1464 exclusio
830 1412 889 1479 est,
911 1411 943 1464 et
965 1401 1041 1483 suga
1069 1404 1241 1480 virtutum;
1278 1402 1429 1467 soecunda

474 1503 612 1565 virorum
636 1512 817 1585 paupertas,
840 1513 986 1563 naturam
1014 1503 1170 1584 optimam
1192 1504 1274 1566 bene
1301 1504 1428 1566 vivendi

475 1604 590 1668 ducem
618 1603 769 1678 imitatur,
791 1611 824 1665 et
848 1602 1000 1665 virtutum
1024 1624 1152 1686 parenS,
1179 1613 1211 1667 et
1234 1615 1341 1667 custos
1369 1615 1427 1681 est,

474 1707 604 1789 solaque
628 1705 827 1767 securitatem
848 1704 943 1787 parit,
963 1726 1036 1787 quae
1055 1707 1124 1769 sola
1144 1706 1249 1769 nescit
1268 1706 1428 1769 incentiva

472 1807 639 1870 bellorum.
685 1807 760 1868 Non
775 1806 872 1869 habet
889 1804 995 1888 jurgia
1010 1803 1064 1890 qui
1081 1806 1295 1873 contentionis
1311 1828 1424 1870 causas

470 1909 603 1990 ignorat.
648 1906 803 1988 Trepidat
824 1907 922 1983 orbis,
937 1917 969 1969 et
992 1908 1171 1979 Oaesaream
1194 1929 1323 1971 manum
1340 1908 1426 1971 solus

470 2029 593 2091 pauper
605 2029 672 2070 uon
688 2008 786 2069 timet.
838 2007 962 2090 Utique
985 2008 1012 2070 si
1029 2009 1071 2071 ob
1091 2008 1185 2071 aliam
1207 2029 1338 2071 causam
1357 2029 1424 2070 non

470 2109 662 2190 fugerentur,
678 2120 732 2171 aut
753 2118 1031 2171 contemnerentur
1053 2108 1184 2186 divitiae,
1200 2110 1263 2171 nisi
1279 2110 1355 2192 quia
1374 2130 1424 2173 sa·

469 2212 599 2295 pientiae
615 2211 681 2273 vias
697 2210 826 2293 sepiunt
841 2209 954 2293 spinis,
969 2230 1023 2271 eas
1038 2219 1219 2292 oportuerat
1233 2232 1299 2273 uon
1314 2212 1423 2275 amari.

470 2312 522 2375 Ne
548 2324 655 2375 tamen
684 2311 736 2373 his
766 2312 823 2393 qui
852 2310 1051 2394 paupertatis
1080 2312 1274 2374 erubescunt
1303 2312 1425 2375 vilitate

470 2414 663 2492 sordescere,
684 2414 952 2497 philosophorum
975 2414 1016 2476 sit
1038 2401 1174 2475 molesta
1197 2412 1320 2495 opinio,
1342 2411 1423 2475 divi-

469 2517 583 2579 tiarum
606 2538 673 2579 non
699 2514 814 2577 indicit
837 2515 944 2595 sugam
967 2514 1186 2597 philosophia,
1208 2514 1266 2577 sed
1292 2514 1419 2578 inhibet

469 2618 655 2701 appetitum.
700 2618 843 2679 Mentem
867 2616 917 2679 sui
940 2626 1123 2699 compotem
1149 2616 1272 2699 quaerit,
1295 2625 1328 2677 et
1351 2637 1422 2699 quae

468 2721 502 2782 in
525 2720 613 2784 omni
635 2720 769 2783 fortunae
791 2720 917 2781 calculo
941 2718 1078 2781 sufficiat
1101 2718 1173 2794 sibi,
1191 2718 1237 2781 ita
1258 2727 1365 2781 tamen
1388 2728 1423 2781 ut

470 2821 662 2884 sufficientia
681 2819 750 2902 ejus
772 2840 815 2881 ex
836 2820 908 2882 Deo
927 2820 977 2882 sit.
1022 2818 1077 2881 sic
1099 2838 1175 2881 auro
1197 2828 1351 2901 tanquam
1365 2814 1421 2881 fio-

469 2923 594 3000 tilibus3
619 2922 773 2985 fictilibus
788 2922 880 3005 quasi
895 2941 972 2984 auro
987 2928 1102 2983 utatur.
1140 2920 1225 2982 Nam
1242 2920 1327 2981 sicut
1342 2941 1421 3003 opes

468 3022 678 3087 admittuntur
703 3021 744 3084 ad
766 3042 872 3099 usum,
894 3021 940 3083 sic
963 3042 982 3083 a
1004 3020 1149 3101 sapiente
1172 3030 1421 3084 contemnuntur

468 3126 581 3188 abusu.
626 3124 692 3187 Sed
714 3124 793 3185 forte
816 3124 988 3205 suppellex
1011 3118 1082 3183 vilis
1105 3120 1265 3184 videbitur
1286 3121 1421 3203 ignomi-

466 3227 558 3289 niosa
578 3225 791 3307 magnatibus,
814 3234 847 3285 et
868 3224 998 3286 honoris
1021 3222 1227 3305 splendorum
1247 3222 1420 3285 resteuuis

467 3325 638 3390 decolorat.
696 3324 797 3408 Atqui
826 3326 923 3404 longe
957 3323 1159 3407 praestantius
1189 3334 1249 3396 est,
1278 3322 1420 3385 moribus

466 3429 649 3510 splendere,
673 3448 768 3511 quam
795 3427 902 3504 rebus,
925 3447 986 3487 nec
1013 3446 1116 3488 rerum
1141 3444 1282 3506 unquam
1310 3424 1418 3505 specie

465 3530 684 3605 illustrabitur,
710 3548 806 3609 quem
836 3548 902 3589 suae
932 3524 1138 3608 turpitudinis
1164 3524 1290 3585 macula
1320 3522 1419 3590 deho-

466 3641 581 3693 nestat.

572 3742 709 3797 Fictilibus
720 3757 838 3793 coenasse
849 3740 936 3792 ferunt
948 3738 1113 3806 Agathoclea
1124 3756 1222 3807 regem,

641 3828 730 3896 Atque
742 3826 852 3878 abacum
865 3825 953 3878 Samio
964 3841 1034 3895 saepe
1046 3842 1167 3877 onerasse
1178 3824 1243 3878 luto.

571 3912 683 3969 Fercula
693 3913 831 3981 gematis
843 3928 922 3980 quum
934 3916 1040 3983 poneret
1051 3927 1130 3962 aurea
1141 3910 1220 3974 vasis,

640 4000 677 4052 Et
687 4001 808 4051 misceret
820 4014 891 4069 opes,
904 3997 1101 4068 pauperiemque
1114 3994 1199 4059 simul,

571 4086 707 4147 Quaerenti
719 4101 824 4136 causam
835 4084 982 4155 respondit:
1010 4082 1072 4134 Rex
1085 4099 1134 4149 ego
1146 4082 1190 4150 qui
1201 4096 1258 4132 sum

640 4170 747 4235 Siciliae,
758 4168 840 4237 figulo
852 4186 909 4221 sum
922 4170 1039 4236 genitore
1051 4173 1132 4221 satus.

569 4257 712 4309 Fortrmam
723 4262 871 4308 reverenter
883 4256 960 4318 habe,
972 4254 1117 4323 quicunque
1129 4258 1235 4325 repente
1344 4276 1345 4279 ¹

638 4342 721 4394 Dives
733 4342 766 4393 ab
779 4341 842 4395 exili
854 4340 1020 4412 progrediere
1033 4340 1117 4392 domo.
