3425 5367
320 698 430 779 recu]
673 724 925 771 rourcasrrcus.
1230 715 1270 782 13

319 888 496 947 ascensum,
519 882 613 955 prout
635 896 816 959 quenquam
844 877 1008 956 monuisti,
1029 899 1095 940 nou
1119 880 1271 943 ascendo.

319 970 423 1041 Quare
433 973 607 1056 majoribus
617 997 668 1039 me
679 998 745 1039 nou
757 978 865 1060 ingero
877 980 986 1057 curiis,
995 1000 1093 1063 quum
1105 981 1163 1043 tibi
1176 982 1272 1045 etiam

317 1070 468 1135 Isocratis
496 1095 705 1158 responsurus
730 1099 801 1141 sum
826 1080 941 1141 verbo:
976 1081 1033 1163 qui
1058 1081 1272 1163 interrogatus

317 1172 357 1235 ab
369 1172 490 1250 amicis,
502 1196 599 1261 quare
609 1198 673 1239 uon
690 1178 723 1240 in
739 1178 919 1242 forensibus
930 1178 1074 1263 negociis
1085 1194 1272 1260 versaretur,

317 1275 502 1357 respondit3
529 1278 610 1350 Qua
632 1280 724 1343 locus
746 1281 799 1344 hic
823 1283 929 1361 callet,
952 1304 1013 1365 ego
1039 1285 1171 1362 nesci03
1197 1306 1271 1368 quas

317 1398 379 1459 ego
402 1381 514 1456 calleo,
538 1382 629 1444 locus
652 1383 705 1445 bic
731 1384 845 1449 nescit.
891 1385 964 1467 Ego
986 1386 1071 1448 enim
1097 1396 1271 1451 contemno

318 1500 391 1561 quea
412 1480 460 1543 illi
483 1481 579 1543 aulici
601 1482 755 1559 ambiunt,
769 1495 802 1547 et
817 1507 890 1568 quae
912 1507 974 1565 ego
996 1487 1103 1549 ambio
1124 1487 1173 1549 illi
1194 1508 1270 1549 con·

318 1587 474 1643 temnunt.
528 1581 644 1644 Mirare
675 1584 777 1663 magis
814 1606 912 1667 quare
941 1606 1008 1646 non
1037 1586 1190 1666 praecido,
1218 1599 1273 1649 aut

318 1699 433 1763 rumpo
452 1680 572 1757 funem,
594 1681 621 1743 si
643 1683 722 1745 alias
748 1684 827 1744 solvi
847 1704 913 1746 nou
940 1694 1060 1765 potest,
1082 1685 1137 1767 qui
1164 1706 1216 1746 me
1238 1686 1272 1749 in

318 1781 491 1845 curialibus
506 1784 600 1866 nugis
622 1784 741 1848 tamdiu
765 1786 876 1863 tonuit,
892 1797 924 1849 et
944 1796 1033 1849 tenet
1052 1786 1159 1851 adhuc
1175 1796 1271 1851 tantae

318 1882 494 1946 obnoxium
517 1886 668 1949 servituti.
713 1887 785 1949 Jam
803 1888 890 1950 enim
909 1887 1003 1951 annis
1019 1888 1083 1951 sere
1099 1886 1270 1951 duodecim

317 1993 472 2066 nugatum
487 2008 556 2051 esse
570 1986 678 2065 taedet,
693 1998 724 2051 et
739 1988 876 2071 poeuitet
896 2010 947 2052 me
962 1991 1057 2071 longe
1072 1990 1164 2052 aliter
1178 1989 1268 2052 insti·

319 2092 431 2159 tutum,
448 2096 480 2151 et
494 2090 582 2172 quasi
598 2090 778 2153 sacratioris
793 2090 1006 2174 philosophiae
1020 2093 1173 2154 lactatum
1190 2091 1270 2153 ube·

316 2186 415 2261 ribus,
436 2188 695 2273 ablactatumque
725 2188 875 2253 decuerat
900 2189 942 2253 ad
972 2190 1267 2273 philosophantium
1275 2188 1350 2268 l

316 2287 465 2351 transisse
487 2300 616 2364 coetum,
631 2310 728 2373 quam
751 2288 792 2354 ad
815 2290 954 2371 collegia
975 2301 1178 2371 nugatorum.
1223 2292 1269 2353 Et

317 2400 347 2449 te
373 2388 502 2471 quidem
525 2390 627 2452 sentio
649 2392 682 2453 iu
706 2390 819 2455 eadem
846 2390 1031 2454 conditione
1055 2392 1184 2467 versari,
1205 2391 1269 2453 nisi

318 2488 392 2571 quia
413 2490 529 2553 rectior
543 2502 576 2555 et
589 2490 787 2573 prudentior,
803 2491 830 2553 si
846 2492 924 2554 facis
940 2490 1027 2576 quod
1042 2490 1188 2572 expedit,
1203 2500 1270 2554 stas

317 2610 441 2673 semper
462 2592 613 2655 immotus
635 2592 669 2653 in
693 2590 805 2654 solidae
824 2592 948 2654 virtutis
969 2590 1186 2668 fundamento,
1208 2612 1268 2657 nec

317 2689 445 2771 agitaris
471 2689 648 2752 arundinea
672 2690 812 2765 levitate,
835 2710 895 2751 nec
926 2688 1105 2751 delitiarum
1137 2690 1269 2751 sectaris

318 2788 438 2866 mollia,
451 2788 510 2851 sed
525 2788 599 2869 ipsi,
608 2809 679 2870 quae
690 2787 810 2849 mundo
825 2788 972 2868 imperat,
981 2788 1118 2869 imperas
1130 2787 1270 2851 vanitati.

319 2888 417 2952 Unde
429 2910 526 2973 quum
533 2887 731 2951 tibidirersae
737 2887 911 2971 provinciae
917 2887 1079 2969 congestis
1088 2888 1269 2953 meritarum

317 2988 448 3053 laudum
464 2989 644 3073 praeconiis,
659 2989 750 3072 qnasi
764 3009 872 3052 arcum
888 2990 1012 3071 erigant
1027 2988 1267 3071 triumphalem:

316 3108 378 3169 ego
388 3089 433 3151 vir
442 3088 587 3171 plebeius
602 3088 752 3151 stridente
762 3087 870 3152 listtda
885 3088 1000 3151 inculti
1009 3088 1140 3171 eloquii,
1150 3088 1267 3153 librum

314 3190 401 3253 hunc
431 3188 473 3253 ad
503 3189 654 3252 honorem
684 3200 785 3269 tuum,
811 3191 897 3252 velut
922 3190 1069 3273 lapillum
1093 3190 1128 3253 in
1152 3211 1267 3255 acervo

313 3290 548 3373 proeconiorum
565 3300 691 3353 tuorum
707 3291 832 3374 conjeci
842 3314 851 3365 ;
875 3290 981 3352 sciens
997 3290 1074 3372 quia
1096 3290 1179 3354 sicut
1199 3313 1267 3355 nou

314 3391 422 3470 habet,
440 3390 527 3455 uude
550 3392 676 3475 placeat
698 3412 741 3455 ex
763 3401 942 3468 venustate,
962 3391 1008 3453 sic
1031 3411 1073 3453 ex
1097 3391 1268 3455 devotione

314 3496 483 3559 scribentis
505 3515 570 3557 nou
593 3494 711 3578 poterit
733 3492 914 3577 displicere.
960 3493 1073 3574 Nugas
1094 3513 1152 3576 pro
1174 3504 1265 3577 parte

315 3597 458 3660 continet
472 3596 619 3672 curiales,
634 3603 666 3657 et
680 3595 731 3657 his
751 3594 853 3676 magis
867 3594 987 3658 insistit
1002 3596 1121 3677 quibus
1135 3608 1266 3677 urgetur

314 3696 426 3777 magis.
471 3695 534 3757 Pro
556 3703 646 3779 parte
668 3704 773 3759 autem
790 3706 932 3757 versatur
947 3695 979 3757 iu
995 3694 1137 3778 vestigiis
1160 3696 1266 3780 philo-

315 3797 509 3881 sophorum;
543 3794 622 3879 quid
644 3796 678 3859 in
700 3795 833 3876 singulis
856 3793 1042 3877 fugiendum
1064 3795 1117 3869 sit,
1138 3805 1195 3859 aut
1216 3817 1266 3859 se·

316 3896 490 3981 quendum,
505 3896 689 3979 relinquens
707 3896 836 3959 arbitrio
860 3895 1026 3978 sapientis.
1070 3896 1116 3957 Et
1135 3896 1266 3979 quiana

315 3996 435 4061 laedant
469 3997 619 4079 aliquem,
648 4016 721 4059 eum
756 3994 897 4079 oportuit
931 3995 1105 4072 conveniri,
1133 3995 1166 4057 iu
1202 4017 1267 4079 quo

317 4096 398 4161 uibil
422 4096 625 4178 nugatorium
653 4095 756 4181 possit
781 4096 888 4177 argui:
927 4104 959 4158 te
984 4095 1118 4157 uirorum
1149 4109 1266 4161 nostrae

318 4198 419 4261 aetatis
456 4197 727 4279 elegantissimum
757 4196 885 4261 decrevi
922 4197 1103 4275 convenire,
1132 4210 1164 4261 et
1194 4220 1267 4281 quae

319 4296 464 4361 ridentur
479 4298 511 4361 iu
534 4298 596 4361 mei
619 4298 775 4361 similibus
796 4297 958 4381 arguenda
977 4296 1166 4363 describere.
1211 4298 1266 4361 Sic
