3425 5367
464 785 524 844 150
723 795 860 840 noturus
874 794 1153 840 sunsssunrsusrs
1276 777 1361 861 [cru.
1374 800 1413 843 rr.

462 951 692 1034 provocarent?
730 949 849 1012 Omnes
869 946 984 1031 ntique
1008 960 1205 1012 evanuerunt
1227 960 1302 1033 post
1326 949 1414 1034 prin-

462 1051 563 1136 cipem
590 1050 751 1128 vanitatis,
775 1057 808 1111 et
832 1047 911 1112 dum
936 1048 1016 1111 scire
1040 1049 1129 1134 qnod
1158 1071 1222 1112 non
1252 1049 1337 1129 linet,
1359 1050 1412 1113 vel

460 1152 552 1216 aliter
571 1174 669 1237 quam
688 1151 773 1230 licet,
792 1162 962 1236 appetunt,
977 1149 1020 1214 ad
1037 1152 1134 1214 inane
1151 1165 1186 1216 et
1206 1151 1340 1214 nihilum
1359 1173 1411 1214 re·

459 1254 544 1318 ducti
573 1267 659 1318 sunt.
704 1255 810 1338 Reges
839 1275 915 1314 vero
944 1251 1044 1314 lsrael
1073 1252 1256 1317 infidelibus
1284 1253 1411 1332 sociavi,

458 1360 534 1441 qnia
548 1378 649 1441 quum
672 1378 784 1439 regum
807 1353 899 1417 Juda
919 1353 973 1416 alii
995 1355 1083 1431 boni,
1104 1355 1160 1419 alii
1180 1355 1257 1418 mali
1277 1353 1408 1429 tuerint,

457 1479 548 1542 reges
564 1456 663 1520 lsrael
678 1479 787 1519 omnes
800 1455 929 1540 reprobi
943 1456 1129 1523 extiterunt.

563 1566 664 1634 Linque
675 1582 769 1617 arcana
781 1565 834 1616 Dei
844 1563 992 1632 ooelumque
1000 1565 1140 1633 inquirere,
1150 1567 1215 1634 qnid
1224 1568 1269 1630 sit,

457 1662 502 1726 ait
519 1664 612 1738 Cato,
627 1665 705 1747 quis
719 1659 808 1745 quod
824 1659 996 1724 destinavit
1010 1661 1051 1723 de
1066 1674 1111 1737 te,
1126 1674 1160 1724 et
1180 1662 1294 1726 statuit
1310 1663 1410 1742 Deus,

456 1765 536 1828 citra
558 1777 646 1827 tuam
675 1762 909 1827 solicitudinem
933 1776 1039 1848 potest
1062 1763 1226 1846 expedire.
1270 1765 1410 1849 Egregie

458 1866 589 1952 quidem
605 1866 755 1942 Ethicus‚

560 1975 675 2026 Omnem
686 1974 763 2026 crede
775 1974 845 2026 diem
856 1974 907 2026 nti
918 1972 1046 2026 diluxisse
1057 1991 1216 2043 supremum,

562 2059 646 2111 Grata
657 2061 820 2130 superveniet
831 2076 892 2128 qum
902 2078 955 2110 non
966 2059 1114 2129 sperabitur
1124 2059 1198 2111 hors.

454 2153 581 2217 Veritas
596 2166 702 2218 autem
722 2153 782 2217 sibi
798 2154 920 2240 ubique
939 2177 1077 2217 consona
1095 2169 1155 2232 est,
1169 2178 1228 2219 nec
1242 2179 1262 2218 a
1277 2180 1320 2233 se,
1334 2155 1408 2221 licet

452 2279 472 2319 a
499 2254 655 2319 mendacii
685 2255 868 2320 habitaculo
896 2255 1090 2342 proferatur,
1118 2257 1314 2343 quandoque
1343 2258 1407 2322 dis·

451 2356 570 2420 cordat.
627 2356 718 2420 Sicut
748 2377 806 2418 nec
834 2355 1006 2433 munditia,
1035 2356 1113 2420 dnm
1144 2358 1194 2421 sui
1223 2358 1407 2442 integritate

450 2459 551 2544 viget,
576 2480 842 2544 quarumcunque
873 2457 1017 2522 sordium
1047 2459 1209 2524 vicinitate
1238 2460 1403 2547 polluitur.

451 2565 529 2648 Ipsa
550 2575 684 2626 mortem
707 2560 820 2625 indicit
842 2583 905 2624 nou
928 2561 1045 2638 timeri,
1067 2574 1099 2626 et
1124 2563 1166 2626 ad
1192 2586 1261 2627 eam
1286 2562 1405 2648 excipi·

450 2665 576 2744 endam,
590 2684 648 2728 nos
663 2662 748 2727 horis
762 2663 911 2727 omnibus
926 2663 1072 2749 proecipit
1086 2664 1271 2750 preparari,
1287 2680 1325 2730 ut
1340 2689 1404 2751 quo

450 2770 556 2832 minus
578 2766 618 2830 de
641 2765 854 2831 diuturnitate
881 2766 958 2834 vitae
981 2767 1198 2852 praesumitur,
1220 2766 1254 2830 in
1279 2765 1402 2831 cultum

449 2869 623 2934 honestatis
638 2871 795 2934 virtutum
810 2867 965 2953 gradibus
978 2869 1105 2932 avidius
1119 2881 1277 2933 curratur.
1310 2868 1403 2931 Mors

449 2972 605 3057 siquidem
632 2971 840 3035 necessarium
866 2993 985 3035 munus
1013 2984 1073 3049 est,
1098 2985 1222 3037 uaturae
1240 2972 1309 3056 jam
1335 2992 1403 3033 cor-

449 3085 564 3156 ruptae.
610 3071 782 3154 Corruptio
801 3093 941 3155 namque
961 3072 1070 3136 mortis
1091 3073 1182 3156 origo
1203 3086 1262 3137 est.
1308 3071 1402 3135 Tolle

446 3171 694 3258 corruptionem,
706 3184 825 3234 sectare
835 3171 1053 3256 integritatem
1069 3173 1236 3236 munditiae
1252 3189 1284 3238 et
1301 3174 1403 3238 virtu·

446 3273 498 3350 tis,
510 3274 578 3360 jam
588 3273 836 3342 immortalitatis
851 3273 936 3337 viam
952 3273 1111 3358 ingressus
1122 3295 1174 3353 es3
1196 3285 1228 3336 et
1239 3275 1402 3357 quandam

445 3376 621 3443 divinitatis
644 3387 708 3442 tuae
728 3399 830 3441 arcam
851 3376 1101 3463 apprehendisti.
1146 3373 1400 3459 Apprehendisti

444 3479 575 3566 inquam
598 3503 637 3544 an
661 3479 831 3564 accepisti?
863 3479 938 3558 Sed,
960 3491 997 3543 ut
1018 3477 1145 3540 fidelius
1166 3475 1346 3561 loquamur,
1367 3490 1401 3542 et

444 3580 593 3664 accepisti
620 3594 652 3644 et
677 3577 926 3664 apprehendisti.
972 3581 1047 3642 Non
1073 3589 1122 3641 est
1147 3576 1230 3639 enim
1255 3575 1401 3656 volentis,

443 3701 547 3765 neque
562 3677 728 3754 currentis,
742 3676 795 3740 sed
810 3675 988 3740 miserentis
996 3674 1069 3740 Dei.
1104 3677 1184 3754 Quis
1199 3676 1258 3742 scit
1268 3676 1399 3762 quando

440 3779 556 3855 veniet,
573 3801 653 3856 sero,
668 3801 708 3842 an
725 3777 828 3842 media
841 3788 946 3860 nocte,
960 3801 1001 3842 an
1015 3781 1212 3863 gallicantu,
1226 3801 1266 3842 an
1281 3782 1394 3842 mane?

444 3880 493 3948 Ut
515 3881 610 3958 enirn,
630 3884 675 3944 ait
693 3879 758 3961 ille,
773 3878 865 3943 Nihil
885 3893 987 3945 morte
1005 3880 1123 3946 certius
1141 3893 1200 3961 est,
1220 3878 1299 3943 nihil
1318 3879 1397 3944 hora

441 3982 601 4048 incertius.
640 3983 720 4058 Quae
736 3979 845 4067 utique
861 4003 924 4044 non
940 3980 1081 4044 timenda
1096 3994 1143 4046 est
1158 3980 1250 4071 quasi
1265 3978 1395 4056 malum,

441 4085 496 4151 sed
517 4084 771 4171 quasimalorum
788 4083 871 4162 finis,
887 4107 988 4170 quum
1003 4084 1136 4160 venerit,
1151 4093 1315 4168 gratanter
1328 4103 1395 4144 am·

439 4187 615 4275 plectenda.
660 4187 773 4274 Unum
796 4200 843 4252 est
865 4186 953 4272 quod
973 4185 1049 4250 totis
1064 4189 1180 4251 mentis
1202 4197 1234 4248 et
1253 4183 1393 4268 corporis

437 4290 559 4355 viribus
573 4289 762 4375 fugiendum
779 4301 836 4354 est.
883 4289 968 4366 Quid
985 4287 1066 4352 illud
1082 4288 1122 4351 sit
1140 4285 1281 4372 quaeris?
1306 4285 1393 4348 Tur·

436 4391 561 4482 pitudo,
574 4404 606 4455 et
622 4390 722 4455 totius
734 4393 853 4476 species
865 4390 1032 4455 inhonesti.
1071 4390 1152 4454 Haec
1163 4387 1247 4452 enim
1258 4386 1391 4460 iaciunt,
