3425 5367
454 712 519 773 280
717 728 852 773 scaurus
869 726 1148 773 saassanmaums
1279 711 1360 785 [ms.
1379 728 1409 771 v.

455 876 608 962 pluviam,
638 890 669 944 et
690 900 726 941 os
756 900 849 941 suum
881 877 1065 961 aperiebant
1086 877 1178 963 quasi
1204 876 1244 940 ad
1274 878 1409 941 imbrem

412 1054 420 1066 ⁰
456 978 640 1043 serotinum.
680 977 712 1043 Si
725 976 853 1064 quando
865 976 1006 1041 ridebam
1023 976 1064 1040 ad
1076 998 1141 1051 eos,
1152 998 1214 1040 non
1226 978 1409 1057 credebant,

456 1092 488 1144 et
511 1080 569 1143 lux
592 1078 701 1144 vultus
724 1081 786 1143 mei
806 1101 868 1142 non
891 1077 1024 1143 cadebat
1045 1078 1077 1141 in
1094 1091 1221 1143 terram.
1269 1078 1302 1143 Si
1318 1080 1410 1143 volu·

455 1181 547 1245 issem
563 1181 609 1245 ire
624 1180 665 1244 ad
681 1204 746 1256 eos,
756 1179 903 1243 sedebam
917 1179 1049 1264 primus.
1082 1180 1256 1264 Quumque
1268 1178 1408 1243 sederem

455 1284 544 1368 quasi
571 1305 628 1347 rex
654 1283 796 1346 exercitu
824 1280 1060 1361 circumstante,
1085 1302 1170 1343 eram
1198 1293 1303 1344 tamen
1333 1303 1409 1345 moe-

456 1385 593 1449 rentium
614 1385 802 1449 consolator.
847 1384 933 1446 Ecce
953 1382 1107 1468 regnandi
1128 1382 1160 1446 in
1177 1383 1246 1447 viro
1263 1385 1354 1469 justo
1368 1406 1407 1447 ex

456 1511 571 1572 magna
581 1500 670 1573 parte
680 1508 828 1573 expressa
837 1496 885 1550 est
894 1484 1042 1561 formula,
1058 1508 1154 1572 quam
1172 1486 1198 1549 si
1213 1508 1271 1571 per
1286 1485 1409 1571 singula

456 1592 572 1673 exequi
598 1588 805 1667 voluerimus,
829 1586 946 1672 integri
971 1587 1047 1652 libri
1073 1587 1337 1672 magnitudinem,
1362 1590 1408 1651 in-

456 1703 612 1755 sertarum
636 1689 790 1754 virtutum
813 1688 908 1752 series
935 1688 986 1752 vel
1012 1690 1077 1753 sola
1101 1688 1282 1773 complebit.
1329 1688 1410 1754 Dili-

455 1816 534 1876 gens
556 1792 654 1856 lector
676 1790 802 1876 singula
824 1790 922 1853 rerba
940 1789 1102 1866 discutiet,
1121 1790 1197 1877 quia
1216 1793 1249 1854 in
1271 1790 1321 1854 bis
1342 1813 1410 1854 om·

455 1896 562 1974 nibus,
584 1917 640 1957 nec
662 1894 739 1969 iota,
762 1916 819 1957 nec
845 1914 928 1978 apex
951 1916 970 1956 a
993 1894 1144 1979 mysterio
1170 1892 1282 1957 salutis
1308 1904 1409 1957 vacat.

455 1998 563 2059 Pauca
575 2007 678 2059 tamen
690 2014 764 2080 quae
775 1993 808 2056 in
821 1992 890 2078 ipsa
901 1994 1067 2079 superficie
1076 1994 1245 2059 verborum
1259 1994 1409 2073 eminent,

455 2111 578 2183 quanta
599 2109 710 2181 potero
733 2096 888 2159 brevitate
918 2097 1142 2181 perstringam.
1187 2096 1335 2173 Quando,
1361 2097 1410 2161 in-

455 2199 538 2284 quit,
553 2197 698 2261 lavabam
713 2196 811 2283 pedes
831 2220 918 2261 meos
940 2197 1071 2283 butyro,
1086 2210 1118 2262 et
1139 2210 1231 2283 petra
1251 2198 1407 2265 fundebat

453 2300 530 2364 mihi
545 2300 631 2366 rivos
644 2299 717 2381 olei,
731 2322 832 2386 quum
847 2301 880 2363 in
897 2312 1008 2385 parata
1023 2300 1174 2363 cathedra
1190 2299 1357 2366 residerem
1372 2302 1405 2366 in

453 2403 571 2489 platea,
583 2386 1008 2488 abscondebanturjuveries,
1019 2416 1051 2467 et
1063 2402 1142 2467 mibi
1157 2424 1246 2466 senes
1252 2404 1408 2468 astabant.

457 2504 567 2569 Innuit
585 2526 661 2588 ergo
676 2502 751 2589 quia
768 2524 873 2566 rerum
890 2502 1064 2583 affluentia,
1079 2502 1319 2589 gratiarumque
1333 2526 1407 2567 con-

453 2629 576 2681 cursus,
592 2604 620 2668 ei
637 2602 839 2690 prudentiam
857 2624 920 2665 non
936 2602 1140 2682 excusserint,
1155 2602 1210 2667 sed
1225 2606 1256 2667 in
1278 2603 1326 2668 his
1341 2627 1407 2668 om·

455 2708 550 2772 nibus
572 2729 612 2769 ex
627 2703 828 2783 conscientia,
847 2716 879 2768 et
902 2704 1083 2768 testimonio
1104 2704 1260 2769 bonorum
1275 2726 1407 2791 operum

453 2809 627 2874 auctoritas
642 2808 828 2871 inconcussa
843 2806 1025 2892 permansit.
1071 2806 1309 2891 Egrediebatur
1324 2807 1406 2872 enim

453 2911 493 2976 ad
510 2925 633 2997 portam
646 2910 703 2995 qui
715 2909 845 2973 latebris
860 2931 923 2971 non
938 2908 1064 2991 egebat,
1076 2920 1107 2972 et
1124 2909 1180 2993 qui
1192 2908 1326 2973 docendi
1338 2932 1409 2995 pro-

453 3026 612 3076 meruerat
627 3011 745 3087 sedem,
761 3032 871 3075 senum
895 3010 1097 3097 prudentiam
1112 3010 1267 3095 erigebat,
1281 3011 1408 3077 levitate

449 3112 584 3196 juvenili
619 3110 815 3176 abscondita.
862 3110 1038 3175 Cessabant
1067 3110 1155 3197 loqui
1184 3112 1353 3199 principes,
1375 3126 1407 3177 et

452 3214 563 3295 lingua
577 3211 695 3277 ducum
710 3210 839 3295 gutturi
853 3210 1050 3286 adhaerebat,
1068 3234 1131 3275 non
1144 3211 1298 3278 audentes
1312 3234 1407 3297 gran-

454 3312 509 3376 dia
529 3312 627 3399 loqui,
651 3323 683 3375 et
712 3312 876 3399 imponere
905 3311 937 3374 in
962 3311 1102 3377 humeris
1124 3312 1287 3378 bominum
1310 3334 1407 3377 onera

453 3414 679 3501 importabilia,
695 3437 770 3501 quae
784 3438 841 3477 nec
865 3413 1031 3499 superficie
1046 3414 1141 3501 digiti
1157 3413 1244 3500 tangi
1263 3428 1404 3501 possunt.

454 3517 600 3581 Docebat
614 3516 697 3579 enim
714 3538 839 3580 omnem
860 3516 989 3582 virtutis
1004 3516 1131 3581 laudem
1150 3517 1182 3581 in
1198 3517 1320 3583 actione
1335 3541 1407 3583 con-

453 3617 769 3700 sistere,cassumque
779 3616 1052 3701 essesplendorem
1062 3618 1291 3696 verbi,cuinon
1302 3620 1409 3684 subest

454 3716 597 3783 soliditas
611 3715 726 3804 operis.
772 3717 811 3779 ln
826 3717 913 3780 omni
928 3741 1035 3805 opere,
1050 3718 1155 3805 inquit
1174 3720 1332 3797 Salomon,
1348 3720 1406 3785 erit

454 3819 662 3900 abundantia,
684 3818 740 3883 ubi
763 3831 871 3883 autem
893 3822 992 3885 verba
1015 3836 1089 3887 sunt
1112 3822 1259 3908 plurima,
1281 3823 1326 3885 ibi
1345 3823 1407 3885 fre-

454 3935 589 4007 quenter
618 3934 750 4006 egestas.
800 3921 987 4009 Principum
1019 3940 1092 3986 vero
1121 3936 1153 3987 et
1182 3922 1317 3985 divitum
1347 3938 1406 3999 est,

454 4023 534 4086 alios
547 4024 581 4086 in
596 4027 648 4087 via
662 4045 786 4086 morum
803 4024 992 4109 praecedere,
1002 4044 1064 4086 non
1077 4046 1151 4107 quae
1166 4021 1310 4085 facienda
1319 4039 1407 4103 sunt,

454 4123 524 4187 aliis
539 4123 661 4187 tumide
675 4123 829 4191 intonare.
853 4126 955 4189 Auris
969 4124 1112 4201 audiens,
1127 4137 1158 4187 et
1174 4128 1286 4189 oculus
1297 4126 1408 4191 videns

455 4228 656 4291 beatificabat
695 4250 753 4292 me.
819 4230 1038 4295 Instrumenta
1071 4227 1213 4312 corporis
1248 4227 1407 4313 eleganter

455 4328 622 4415 expressit,
646 4330 765 4416 quibus
781 4353 891 4397 sensus
915 4327 1026 4393 animae
1050 4327 1187 4392 maxime
1209 4330 1407 4394 convalescit.
