3425 5367
467 656 530 718 262
740 668 879 718 soanms
894 668 1177 721 sannsnnrunnsrs
1294 653 1375 732 [mn.
1391 675 1427 721 v.

461 823 540 907 jano
560 815 701 882 Salutem
722 817 811 883 dicit.
857 817 1053 885 Modestiam
1074 831 1163 885 tuam
1184 843 1335 887 noveram
1359 846 1422 889 non

467 932 616 1008 appetere
642 919 870 1006 principatum,
892 944 989 1007 quom
1017 935 1123 995 temen
1150 946 1275 1011 semper
1300 948 1424 991 morum

467 1023 624 1107 elegantia
647 1022 761 1085 mereri
785 1021 949 1089 studuisti.
996 1025 1068 1101 Quo
1090 1024 1221 1110 quidem
1240 1038 1331 1093 tanto
1356 1027 1426 1112 dig·
1503 1106 1508 1115 ι

467 1124 538 1187 nior
559 1121 727 1208 judicaris,
751 1136 874 1209 quanto
899 1146 919 1187 a
944 1123 1076 1191 crimine
1102 1125 1285 1193 ambitionis
1312 1128 1426 1193 videris

467 1247 538 1295 ease
562 1223 723 1289 remotior.
770 1225 855 1288 Tuae
880 1225 990 1314 itaque
1014 1225 1127 1290 virtuti
1151 1230 1366 1319 congratulor,
1392 1242 1426 1294 et

467 1329 608 1395 fortunae
630 1348 721 1401 meae,
741 1325 768 1391 si
790 1337 897 1391 tamen
924 1339 1010 1391 recte
1033 1328 1178 1418 gesseris,
1202 1353 1299 1417 quem
1326 1333 1424 1419 probe

469 1429 624 1497 meruisti.
670 1428 825 1515 Alioquin
841 1441 874 1493 te
889 1429 1051 1515 periculis,
1066 1443 1098 1495 et
1115 1454 1166 1494 me
1188 1430 1423 1499 detrahentium

469 1532 588 1617 linguis
604 1529 783 1617 subjectum
807 1528 847 1597 iri
870 1554 933 1598 non
954 1530 1078 1609 dubito,
1093 1554 1195 1618 quum
1213 1545 1246 1598 et
1265 1534 1422 1622 ignaviam

470 1635 704 1719 imperatorum
735 1636 840 1697 Roma
869 1654 932 1697 non
963 1632 1057 1711 serat,
1080 1646 1113 1698 et
1144 1657 1248 1701 sermo
1276 1636 1423 1721 publicus

471 1732 587 1801 delicta
602 1733 833 1821 discipulorum
849 1734 1021 1802 refundere
1044 1735 1142 1803 soleat
1157 1738 1190 1801 iu
1206 1748 1426 1826 praeceptores.

471 1835 524 1902 Sic
540 1836 658 1898 Seneca
673 1833 810 1899 Neronis
825 1832 875 1898 sni
896 1836 1009 1899 merito
1030 1833 1266 1902 detrahentium
1285 1837 1426 1929 carpitur

469 1936 600 2021 linguis,
622 1935 869 2001 adolescentium
894 1958 1026 2001 suorum
1050 1941 1213 2003 temeritas
1226 1939 1260 2002 in
1276 1938 1425 2017 Quintili-

470 2060 567 2105 anum
582 2037 774 2115 refunditur,
789 2053 822 2101 et
838 2039 985 2108 Socrates
1000 2038 1031 2102 in
1048 2039 1207 2133 pupillum
1220 2064 1314 2107 suum
1326 2044 1423 2106 fuisse

471 2138 653 2205 clementior
682 2137 879 2203 criminatur.
924 2142 976 2206 Tu
1003 2163 1080 2205 vero
1101 2141 1230 2229 quidvis
1252 2141 1425 2209 rectissime

470 2263 572 2329 geres,
589 2240 616 2303 si
631 2262 693 2303 non
706 2240 873 2305 recesseris
887 2264 906 2304 a
922 2254 954 2305 te
969 2242 1049 2331 ipso.
1096 2245 1128 2308 Si
1144 2244 1283 2331 primum
1295 2256 1327 2309 te
1342 2266 1425 2307 com-

473 2346 626 2431 posueris,
637 2343 663 2406 si
676 2356 731 2406 tua
739 2343 846 2405 omnia
854 2342 1048 2429 disposueris
1056 2344 1097 2409 ad
1105 2344 1357 2427 virtutem‚recte
1367 2346 1426 2411 tibi

472 2444 644 2533 procedent
660 2444 816 2508 universa.
862 2444 1005 2511 Politicae
1020 2447 1256 2514 constitutionis
1271 2448 1425 2537 maj0rum

471 2547 555 2611 vires
580 2546 640 2611 tibi
668 2545 820 2631 expressi,
844 2545 896 2611 cui
923 2546 950 2608 si
978 2547 1189 2636 obtemperas,
1215 2548 1424 2616 Plutarchum

472 2649 600 2713 vivendi
610 2647 885 2712 habesauctorem.
903 2646 1058 2738 Alioquin
1065 2663 1253 2735 praesentem
1260 2652 1425 2745 epistolam

472 2766 584 2819 testem
606 2753 730 2829 invoco,
753 2750 831 2839 quia
853 2747 885 2813 io
908 2751 1080 2836 perniciem
1101 2752 1225 2841 imperii
1240 2777 1303 2818 non
1318 2755 1425 2848 pergis

472 2865 603 2917 auctore
622 2850 803 2917 Plutarcho.

475 3108 689 3195 erpsuvid
696 3072 1429 3195 RopuuicareconuomPlauronanerqutd

527 3211 626 3276 vinam
640 3213 762 3275 anima
775 3211 813 3273 in
828 3210 899 3294 ipro
914 3212 1064 3294 obtirreat,
1080 3220 1141 3277 aar
1154 3216 1367 3280 membrorum.

519 3348 727 3418 Snunnnnun
736 3344 875 3432 ejusdem
887 3344 1026 3432 politicae
1035 3346 1427 3433 constitutioniscapitula,

475 3449 508 3511 in
524 3447 632 3513 libello
647 3447 703 3531 qul
719 3445 916 3525 inscribitur,
932 3449 1100 3512 Institutio
1122 3450 1265 3535 Trajani,
1282 3472 1355 3535 quae
1369 3473 1429 3536 pro

475 3559 564 3631 parte
579 3546 729 3628 praesenti
744 3542 900 3625 opusculo
915 3546 1025 3608 curavi
1041 3546 1188 3625 inserere,
1203 3549 1250 3613 ita
1265 3562 1380 3629 tamen,
1393 3567 1428 3617 ut

477 3642 705 3709 sententiarum
726 3638 862 3723 vestigia
883 3640 992 3725 potius
1013 3643 1166 3722 imitarer,
1197 3672 1294 3735 quam
1321 3674 1431 3737 passus

476 3745 657 3811 verborum.
701 3745 763 3807 Est
784 3763 861 3827 ergo
882 3740 1023 3829 primum
1045 3747 1199 3828 omnium,
1229 3762 1265 3814 ut
1285 3751 1430 3836 princeps

475 3872 508 3915 se
520 3860 623 3913 totum
636 3844 795 3918 metiatur,
807 3856 839 3907 et
850 3842 938 3934 qnod
950 3842 983 3907 in
994 3858 1063 3909 toto
1073 3868 1204 3932 corpore
1216 3849 1427 3933 Reipublicae,

474 3952 566 4036 cujus
588 3952 657 4012 vice
677 3947 817 4021 fruatur,
840 3946 1011 4032 diligenter
1032 3946 1188 4012 advertat.
1235 3949 1296 4011 Est
1318 3966 1426 4017 autem

475 4047 678 4135 Respublica,
693 4046 775 4117 sicut
791 4046 966 4117 Plutarcho
987 4050 1103 4134 placet,
1119 4070 1235 4133 corpus
1254 4052 1428 4137 quoddam,

474 4152 563 4241 quod
586 4148 686 4217 divini
709 4148 849 4217 muneris
870 4149 1024 4218 beneficio
1046 4150 1216 4229 animatur,
1239 4167 1271 4221 et
1294 4178 1425 4224 summe

476 4251 636 4344 requitatis
650 4251 758 4337 agitur
773 4262 867 4331 nutu,
882 4262 914 4315 et
925 4251 1046 4337 regitur
1062 4252 1199 4341 quodam
1216 4255 1427 4325 moderamine
