3425 5367
291 735 363 781 car.
380 715 442 795 xa]
644 731 898 777 rosvensrrcns.
1181 717 1244 775 257

289 881 1098 969 mitissimum,quumecontrariocertumsit‚quod
1109 893 1241 969 propter

289 1001 417 1072 peccata
442 983 553 1071 populi
575 983 733 1070 permittit
756 986 847 1048 Dens
873 1006 1003 1070 regnare
1029 983 1242 1070 hypocritam,

286 1098 319 1150 et
339 1085 533 1174 impossibile
552 1108 620 1151 esse
639 1095 676 1150 ut
696 1083 754 1149 diu
776 1107 875 1172 regno
896 1085 1036 1170 gaudeat
1057 1084 1112 1170 qui
1129 1083 1242 1170 populi

287 1186 517 1263 humiliatione,
533 1200 565 1251 et
588 1186 720 1274 proprio
734 1185 863 1272 fastigio
885 1187 1021 1274 superbe
1041 1187 1135 1250 nimis
1149 1185 1243 1250 exul·

288 1302 347 1356 tat.
393 1289 456 1354 Sed
486 1288 573 1352 illius
600 1287 726 1352 dicebat
755 1287 904 1372 protendi
933 1288 1159 1374 principatum,
1185 1287 1244 1374 qui

288 1388 376 1476 apud
388 1413 421 1454 se
435 1390 476 1454 de
490 1388 680 1454 conscientia
691 1387 882 1453 humilitatis
893 1411 1016 1475 semper
1027 1389 1059 1452 in
1071 1412 1104 1452 se
1114 1388 1243 1474 angitur

288 1491 381 1577 quasi
395 1504 540 1576 regnaret
554 1490 685 1556 invitus.
716 1491 797 1554 Haec
812 1489 890 1554 mihi
903 1490 1107 1556 Placentinus
1117 1491 1243 1576 hospes,

290 1607 322 1660 et
338 1606 376 1659 ut
390 1593 497 1672 credo,
511 1593 587 1657 fidei
606 1605 851 1657 consentaneum
866 1605 924 1657 est.
969 1593 1047 1658 Tale
1061 1592 1183 1678 aliquid
1197 1591 1244 1656 iu-

290 1695 418 1760 venitur
446 1696 479 1762 ia
509 1694 635 1779 scriptis
663 1695 831 1781 majorum.
876 1696 984 1772 Quum
1014 1695 1097 1759 enim
1130 1693 1244 1759 Helius

294 1798 407 1862 Romae
428 1797 652 1887 praefecturam
674 1795 874 1880 splendidius
895 1809 1015 1882 ageret,
1031 1820 1070 1861 ex
1094 1798 1245 1862 Senatore

293 1899 474 1985 Imperator
494 1911 623 1964 creatus
636 1909 703 1964 est:
728 1897 797 1984 qui,
811 1921 884 1964 earn
905 1898 1090 1964 obsecrante
1114 1899 1244 1976 Senatu,

291 2013 329 2066 at
343 2000 447 2066 filium
463 2002 633 2075 Caesarem,
649 2021 746 2085 quem
763 1999 914 2075 habebat,
931 2001 1119 2086 Augustum
1137 2002 1245 2086 appel-

291 2102 384 2181 laret,
399 2101 560 2179 Sufficere,
581 2101 702 2186 inquit,
720 2100 827 2176 debet,
848 2101 937 2187 quod
959 2125 1019 2188 ego
1040 2105 1109 2188 ipse
1128 2100 1246 2166 invitus

290 2204 488 2289 regnaverim
499 2225 601 2290 quum
613 2223 676 2266 non
692 2223 840 2266 mererer.
871 2201 1075 2290 Principatus
1086 2201 1170 2266 enim
1182 2223 1245 2264 noa

293 2305 440 2392 sanguini
459 2303 608 2379 debetur,
630 2301 688 2367 sed
711 2303 853 2368 meritis:
886 2314 919 2368 et
942 2303 1099 2368 inutiliter
1123 2315 1248 2388 regnat,

294 2404 349 2491 qui
367 2427 423 2470 rex
444 2408 598 2479 nascitur,
612 2424 674 2467 aaa
698 2414 847 2468 meretur.
894 2405 940 2466 Et
961 2401 1174 2489 proculdubio
1193 2424 1248 2486 pa·

293 2509 393 2572 rentis
409 2505 559 2572 affectum
583 2503 685 2583 exuit,
706 2503 764 2590 qui
784 2503 936 2589 parvulos
955 2526 1029 2570 snos
1053 2502 1248 2590 importabili

293 2606 376 2672 male
389 2607 568 2694 superjecta
581 2605 753 2692 extinguit.
797 2608 871 2671 Hoc
887 2603 1015 2691 quidem
1032 2619 1080 2670 est
1094 2604 1248 2670 suffocare

293 2707 421 2786 liberos,
434 2731 497 2774 noa
512 2728 707 2795 promovere.
751 2705 867 2774 Aleadi
888 2706 975 2792 prius
990 2717 1076 2783 sunt,
1091 2718 1123 2770 et
1138 2706 1171 2770 ia
1187 2705 1249 2769 vir·

294 2811 421 2877 tutibus
434 2809 618 2888 exercendi3
641 2825 673 2875 et
689 2830 792 2895 quum
806 2808 839 2872 in
854 2830 892 2872 eo
906 2807 1107 2894 profecerint,
1123 2821 1161 2874 ut
1175 2831 1249 2894 pro·

296 2915 414 2980 nentur
424 2914 496 2980 illos
506 2913 684 2979 virtutibus
697 2910 894 2992 antecedere,
905 2933 987 2998 quos
1001 2911 1119 2978 debeat
1130 2912 1250 2977 honore

294 3017 426 3096 anteire,
436 3017 563 3082 invitati
573 3016 757 3094 asceudant,
767 3015 975 3081 etsecivium
987 3037 1117 3080 suorum
1129 3037 1248 3101 nequa·

295 3141 393 3208 quam
407 3118 597 3184 subtrahant
613 3119 707 3185 votis.
750 3117 831 3196 Quis
847 3117 931 3182 enim
947 3117 1017 3184 illos
1031 3118 1165 3204 ambigit
1180 3116 1250 3182 aliis

294 3220 521 3308 praeferendas,
536 3223 595 3308 qui
617 3220 710 3308 quasi
731 3219 870 3286 naturali
888 3220 1061 3307 probitatis
1083 3219 1250 3306 privilegio

294 3321 450 3408 ampliati,
472 3321 631 3406 majorum
652 3321 756 3386 titulis
776 3318 952 3386 invitantur
974 3319 1014 3384 ad
1038 3319 1201 3390 virtutem,
1217 3329 1250 3380 et

294 3423 468 3490 eorundem
498 3422 652 3488 beneficio
685 3421 808 3488 futurae
838 3420 990 3486 bonitatis
1024 3421 1093 3488 aliis
1126 3420 1250 3486 faciunt

297 3524 418 3590 tidem?
449 3525 530 3590 Haec
552 3524 614 3589 ille.
660 3525 706 3590 Et
722 3521 852 3610 quidem
873 3522 1033 3608 eleganter
1048 3521 1250 3610 privilegium

299 3626 454 3711 expressit
468 3626 631 3713 principis,
641 3626 706 3704 cui,
717 3648 756 3690 ex
768 3625 903 3712 antiquo
918 3647 1047 3690 munere
1062 3625 1136 3707 Dei,
1147 3647 1252 3690 succe-

300 3725 384 3792 duat
399 3726 455 3790 lilii
470 3727 703 3808 indubitanter,
717 3726 775 3792 nisi
790 3726 942 3814 iniquitas
956 3727 1119 3793 subvertat
1135 3725 1251 3814 princi·

299 3840 421 3914 patum.
