3425 5367
428 703 490 763 lea
684 717 822 762 Jonuurs
837 717 1116 763 sanasnnmsusrs
1242 703 1325 782 [am.
1340 723 1378 769 u.

428 869 506 934 dum
521 865 729 955 providentia
739 889 801 932 non
814 867 965 953 impletur
979 867 1122 951 effectus,
1132 870 1221 956 quod
1233 872 1380 938 futurum

429 985 487 1050 est,
510 985 542 1036 et
565 994 627 1035 non
653 970 778 1035 evenire
802 984 920 1057 potest,
942 983 1047 1056 potest
1071 973 1168 1038 etiam
1193 996 1256 1038 uon
1282 974 1385 1039 fuisse-

429 1073 611 1161 praevisum.
657 1076 731 1137 Non
747 1084 864 1152 tamen,
880 1084 918 1136 ut
932 1073 1121 1157 pradictum
1138 1088 1196 1150 est,
1211 1075 1384 1160 investiga-

430 1174 524 1240 tionis
537 1173 670 1238 andacia
688 1173 952 1259 omnipotentiam
973 1173 1091 1252 minuo,
1106 1188 1162 1240 aut
1177 1175 1383 1241 immensitati

430 1277 500 1362 ejus
514 1297 739 1362 quamcunque
759 1273 933 1360 proescribo
952 1295 1142 1337 mensuram.
1187 1278 1261 1339 Hoc
1275 1287 1385 1340 autem

430 1400 505 1442 cum
515 1375 625 1441 multis
635 1378 746 1456 sentio,
755 1375 832 1460 quia
841 1374 868 1439 si
878 1373 959 1460 quid
969 1377 1058 1440 Dens
1070 1374 1229 1460 proevidit,
1239 1376 1379 1450 eveniet;

431 1489 463 1542 et
479 1477 581 1540 sinon
604 1475 755 1551 evenerit,
771 1497 833 1538 non
853 1473 1012 1558 praevidit.
1057 1475 1156 1538 Unde
1171 1475 1381 1559 probabiliter

431 1576 472 1640 ad
488 1575 593 1640 minus
608 1573 780 1660 colligitur,
796 1575 874 1660 quia
888 1575 914 1638 si
929 1583 1032 1660 potest
1047 1597 1110 1638 uon
1125 1575 1263 1652 evenire,
1277 1588 1383 1661 potest

432 1678 527 1742 etiam
548 1700 611 1741 non
626 1677 725 1741 fuisse
744 1677 928 1764 praevisum.
976 1676 1060 1754 Quid
1083 1678 1167 1741 enim
1188 1701 1228 1742 ex
1250 1702 1317 1764 quo
1331 1703 1384 1743 ve-

432 1780 547 1844 raciter
561 1791 785 1864 consequatur,
800 1778 871 1864 ipsa
885 1777 1002 1841 veritas
1022 1778 1122 1857 novit,
1132 1779 1384 1866 juncturamque

432 1881 591 1944 rationum
617 1879 709 1964 plene
738 1892 770 1943 et
799 1879 940 1964 perfecte
963 1879 1127 1964 primitiva
1151 1882 1234 1944 ratio
1262 1893 1383 1967 pensat.

434 1985 529 2047 Hauc
543 1992 649 2044 autem
672 1979 812 2044 humano
831 1981 941 2064 generi
961 1979 1111 2066 indulget
1125 1982 1287 2046 academia
1301 1983 1384 2047 anti-

434 2105 499 2168 qua
519 2080 689 2156 licentiam,
714 2093 750 2145 ut
774 2081 930 2167 quicquid
955 2083 1126 2168 unicnique
1147 2083 1312 2170 probabile
1333 2109 1384 2148 oc-

434 2183 546 2258 currit,
573 2205 631 2244 suo
649 2183 724 2266 jure
747 2182 908 2247 defendat.
955 2185 1084 2249 Solebat
1107 2188 1209 2250 nostri
1234 2187 1387 2272 temporis

433 2283 665 2370 Peripateticus
694 2283 859 2348 Palatinus
893 2286 1042 2350 omuibus
1071 2287 1121 2350 his
1149 2287 1386 2354 conditionibus

433 2385 573 2462 obviare,
593 2384 649 2448 ubi
671 2407 734 2448 non
757 2385 919 2470 sequentis
941 2385 1149 2461 intellectum,
1169 2389 1385 2455 antecedentis

433 2490 598 2574 conceptio
619 2486 751 2567 claudit,
772 2501 826 2552 aut
850 2511 913 2551 non
939 2489 1155 2554 antecedentis
1180 2491 1385 2570 contrarium,

435 2587 657 2674 consequentis
678 2586 890 2654 destructoria
913 2588 1014 2676 ponit,
1034 2612 1072 2652 eo
1092 2589 1180 2675 quod
1203 2613 1311 2655 ornnes
1333 2614 1387 2654 ne-

434 2691 599 2756 cessariam
619 2703 726 2756 tenere
746 2695 1004 2777 consequentiam
1019 2691 1131 2769 velint,
1147 2695 1209 2757 etsi
1224 2693 1385 2758 nonnullae

434 2793 511 2870 sola,
527 2792 605 2857 dum
621 2804 726 2856 tamen
750 2815 877 2876 magna,
893 2793 956 2856 sint
979 2791 1204 2877 probabilitate
1219 2805 1385 2860 contentae.

437 2895 527 2958 Siout
552 2894 634 2957 enim
659 2893 797 2958 scientiar
821 2895 939 2958 assistit
962 2894 1139 2958 evidentior
1163 2917 1222 2980 pro
1244 2895 1291 2960 sui
1314 2917 1385 2982 per·

435 2995 603 3077 spicuitate
625 2993 743 3076 opinio,
769 2991 812 3054 sic
839 3004 872 3056 et
894 2992 1065 3075 singularia
1087 3016 1153 3078 quo
1173 2994 1387 3077 probabiliora

435 3106 521 3167 sunt,
552 3115 590 3154 eo
618 3091 865 3153 necessariorum
894 3091 1068 3154 fideliorem
1105 3092 1275 3176 imaginem
1304 3118 1387 3180 prae-

434 3192 553 3256 ferunt.
599 3192 643 3254 Et
658 3212 697 3252 ne
719 3212 769 3252 me
789 3189 887 3253 solius
908 3190 1066 3276 opinionis
1087 3191 1208 3254 lubrico
1230 3192 1388 3259 fluctuare

435 3305 541 3381 putes,
557 3307 718 3360 auctorem
741 3316 807 3380 quo
828 3317 878 3358 me
894 3307 985 3359 tueor
999 3315 1150 3378 magnum
1173 3293 1300 3376 profero
1316 3297 1388 3360 Au·

434 3397 613 3484 gustiuum‚
636 3397 691 3483 qui
713 3397 819 3460 locum
841 3396 933 3461 illum
954 3418 1115 3483 exponens
1133 3395 1312 3479 Evangelii,
1329 3397 1387 3461 ubi

435 3498 475 3562 de
495 3500 606 3564 multis
623 3499 849 3576 mansionibus,
868 3521 941 3583 quae
964 3499 996 3561 in
1021 3497 1118 3559 domo
1139 3496 1240 3581 patris
1258 3511 1345 3578 sunt,
1368 3523 1388 3563 a

435 3597 601 3664 Salvatore
630 3599 667 3661 fit
697 3599 825 3676 mentio,
851 3597 913 3660 ait:
947 3599 979 3661 si
1010 3621 1076 3683 qno
1105 3598 1210 3662 minus
1235 3599 1386 3665 dixissem

435 3697 536 3774 vobis,
560 3698 637 3784 quia
653 3696 734 3759 vado
755 3719 868 3782 parare
893 3698 982 3761 vobis
1004 3698 1121 3770 locum,
1138 3699 1170 3762 id
1193 3712 1253 3778 est,
1275 3700 1301 3764 si
1323 3724 1385 3764 nou

434 3812 538 3866 essent
560 3798 788 3886 predestinati,
814 3799 975 3876 dixissem,
1001 3801 1056 3865 ibo
1081 3814 1113 3865 et
1143 3802 1386 3888 praedestiuabo.

436 3901 663 3967 Diversitatem
687 3901 801 3966 etenim
823 3902 1020 3967 mansionum
1037 3926 1112 3989 quae
1126 3905 1160 3968 iu
1175 3904 1271 3968 domo
1285 3907 1386 3991 patris

434 4003 571 4070 coelestis
585 4016 774 4091 praeparatae
795 4018 881 4081 sunt,
904 4004 1021 4071 diviuae
1041 3991 1313 4091 praedestinationi
1334 4029 1387 4070 co·

435 4117 536 4192 aptat,
546 4129 619 4191 quae
632 4105 791 4170 salvandis
802 4129 861 4192 pro
872 4107 953 4170 bene
964 4108 1084 4193 placito
1095 4109 1292 4196 disponentis
1303 4109 1387 4194 parit

436 4207 561 4290 diversa
584 4207 774 4272 charismata
799 4207 973 4293 gratiarum
998 4222 1029 4272 et
1055 4232 1231 4274 munerum.
1276 4213 1386 4284 Quum

435 4331 509 4373 vcro
525 4321 634 4374 tantus
650 4320 741 4394 pater
756 4309 840 4372 huuc
856 4308 1102 4394 apprehenderit
1118 4311 1386 4395 interpretationis
