3425 5367
441 706 501 766 180
658 751 660 756 .
688 715 823 760 soauurs
838 710 1117 758 saansaanramn
1238 691 1320 771 [cra.
1338 707 1391 751 111.

440 871 489 936 sui
511 871 640 946 oblitus,
662 887 833 951 personam
854 863 1007 947 exprimit
1028 862 1176 926 alienam.
1211 860 1290 925 =Sed
1312 861 1392 922 sorte

440 993 478 1035 eo
503 971 668 1054 Prophetae
691 967 794 1030 tendit
816 965 992 1037 oraculum,
1009 972 1045 1025 ut
1065 983 1121 1026 eos
1144 982 1226 1045 quos
1248 961 1393 1024 nondum

439 1081 521 1133 terra
544 1067 720 1142 absorbuit,
747 1064 863 1128 doceat
887 1063 1007 1147 jugiter
1034 1061 1178 1124 militare.
1224 1059 1308 1124 Nam
1338 1061 1393 1143 qui

439 1171 556 1254 captivi
575 1169 723 1231 vitiorum
742 1167 883 1249 impulsu
907 1164 1072 1227 trahuntur
1093 1162 1135 1225 ad
1155 1184 1296 1246 poenam,
1310 1162 1394 1223 sicut

439 1273 499 1336 bos
509 1269 723 1333 immolandus
735 1267 777 1330 ad
789 1266 960 1342 victimam,
971 1265 1124 1327 abeuntes
1133 1273 1208 1355 post
1223 1263 1391 1345 concupis-

441 1373 564 1438 centias
579 1391 663 1446 suas,
679 1371 738 1434 etsi
753 1389 886 1452 corpore
909 1366 1076 1429 videantur
1089 1365 1268 1428 inhabitare
1283 1385 1390 1448 super-

439 1474 545 1538 ficiem
560 1483 661 1550 terme,
678 1471 742 1533 vivi
762 1481 868 1534 tamen
884 1468 1026 1550 absorpti
1045 1479 1130 1545 sunt,
1143 1476 1176 1529 et
1195 1465 1394 1529 descendunt

439 1577 473 1638 in
489 1574 646 1637 infernum
663 1574 813 1636 viventes.
842 1571 898 1646 Et,
909 1570 937 1631 si
952 1570 1049 1632 alium
1064 1567 1216 1631 orationis
1230 1567 1393 1650 sequimur

440 1689 578 1760 tropum,
593 1685 707 1738 terram
721 1691 951 1760 usquequaque
961 1670 1153 1742 inhabitant,
1162 1677 1302 1751 'quorum
1318 1689 1394 1730 con·

443 1777 578 1840 versatio
598 1775 631 1837 iu
648 1775 739 1838 coelis
758 1783 808 1837 est
825 1769 966 1847 minime,
981 1793 1041 1834 nec
1063 1771 1127 1834 sibi
1146 1770 1253 1833 sciunt
1271 1765 1395 1852 aliquid

360 1925 364 1932 -
442 1879 476 1941 in
498 1879 581 1941 eoelo
604 1897 685 1954 esse,
705 1888 738 1939 et
758 1874 793 1937 id
815 1873 972 1936 duntaxat
994 1875 1146 1936 affectant
1168 1872 1286 1947 animo,
1308 1870 1395 1954 quod

444 1979 583 2043 cernitur
597 1998 691 2060 super
706 1984 828 2038 terram.
865 1974 927 2036 His
941 1994 1069 2058 quoque
1084 1974 1199 2036 militia
1210 1973 1297 2056 jugis
1311 1970 1395 2034 indi·

444 2080 536 2157 citur,
551 2078 678 2161 quibus,
692 2088 727 2139 ut
741 2075 781 2137 ad
797 2075 921 2138 fabulas
939 2075 1115 2152 redeamus,
1130 2096 1191 2138 nec
1206 2072 1294 2138 unda
1307 2074 1394 2136 Tan·

442 2181 510 2258 tali,
525 2179 612 2262 Tytii
632 2179 746 2253 vultur,
761 2186 830 2238 rota
851 2176 989 2253 Ixionis,
1003 2175 1154 2240 Belidum
1176 2199 1266 2256 urna,
1282 2198 1396 2240 saxum

445 2281 578 2365 Sisyphi
593 2279 692 2357 deest,
708 2280 784 2343 dum
801 2283 949 2344 voluntas
963 2281 1085 2344 mundo
1102 2281 1268 2364 implicita,
1282 2281 1395 2364 nequit

443 2385 576 2466 implere
588 2383 797 2466 propositum,
812 2381 964 2466 quamdiu
975 2382 1194 2464 peregrinatur
1208 2405 1228 2446 a
1242 2383 1393 2445 Domino.

445 2485 585 2546 Istorum
610 2481 675 2544 vita
696 2482 821 2560 militia,
843 2493 876 2544 et
901 2493 985 2545 certe
1006 2482 1128 2545 malitia
1149 2494 1206 2546 est.
1251 2482 1347 2555 Quod
1369 2482 1397 2544 si

445 2585 608 2662 abhorres,
638 2583 701 2647 alia
728 2584 990 2666 interpretatione
1020 2583 1199 2661 doceberis,
1228 2583 1306 2667 quia
1333 2583 1397 2645 rita

444 2685 583 2748 hominis
606 2704 702 2766 super
715 2693 828 2746 terram
849 2684 983 2746 tentatio
1006 2695 1071 2746 est:
1102 2705 1185 2767 quae,
1208 2687 1236 2745 si
1257 2684 1398 2766 proprie-

444 2798 543 2850 tatem
552 2786 693 2848 nominis
702 2785 876 2868 sequimur,
886 2785 960 2847 mali
971 2785 1166 2868 frequentius
1175 2787 1398 2848 habetuotam.

446 2891 486 2952 ln
500 2889 561 2950 hac
577 2888 688 2971 utique
703 2887 889 2962 tentatione,
902 2887 951 2948 vel
965 2887 1097 2963 maiitia,
1110 2887 1185 2950 licet
1200 2886 1261 2948 sibi
1276 2895 1398 2969 septem

445 2990 546 3052 millia
555 2989 689 3050 virorum
700 2987 860 3049 Dominus
869 2987 1084 3062 reservaverit,
1093 2987 1157 3049 fere
1167 2999 1252 3051 totus
1262 2987 1399 3051 muudus

445 3110 488 3151 ex
502 3089 620 3150 Arbitri
635 3087 735 3148 nostri
747 3087 905 3148 sententia
919 3087 1052 3149 mimum
1067 3087 1192 3151 videtur
1206 3089 1347 3171 implere,
1357 3089 1399 3151 ad

446 3185 647 3252 Comoediam
671 3206 760 3248 suam
784 3185 1022 3269 quodammodo
1043 3189 1229 3272 respiciens,
1246 3199 1288 3262 et,
1312 3188 1398 3271 quod

447 3287 587 3352 deterius
609 3297 668 3362 est,
684 3307 722 3349 eo
736 3307 839 3370 usque
855 3285 1033 3350 Comoediae
1048 3310 1114 3352 suae
1136 3290 1298 3366 insistunt,
1314 3289 1397 3352 utin

447 3411 481 3454 se
497 3409 596 3473 quum
613 3410 695 3472 opus
709 3388 813 3466 suerit,
827 3387 930 3451 redire
945 3389 1154 3470 nonpossint.
1191 3387 1267 3448 Vidi
1282 3411 1400 3472 pueros

448 3502 511 3555 tam
524 3489 581 3553 diu
591 3490 835 3553 balbutientium
848 3490 927 3551 vitia
937 3489 1064 3564 imitari,
1075 3498 1111 3549 ut
1121 3489 1326 3570 postmodum
1337 3512 1398 3553 nec

447 3613 548 3674 quum
562 3591 691 3667 vellent,
702 3599 788 3652 recte
800 3590 890 3672 loqui
901 3589 1071 3670 potuerint.
1100 3591 1188 3652 Usus
1199 3590 1296 3665 enim,
1308 3603 1344 3655 ut
1355 3594 1400 3658 ait

447 3689 589 3773 quidam,
606 3710 689 3770 aegre
710 3688 896 3766 dediscitur,
911 3698 943 3751 et
958 3690 1157 3754 consuetudo
1175 3693 1266 3755 alteri
1280 3706 1399 3757 naturae

446 3790 577 3866 assistit,
591 3811 687 3873 quam
703 3789 781 3852 licet

551 3894 677 3967 Expelles
688 3893 767 3959 fincta,
779 3900 868 3947 tamen
879 3913 960 3965 usque
971 3902 1093 3963 recurret,

447 3992 543 4058 Unde
555 4004 588 4057 et
598 3992 734 4055 Etbicus
744 3993 879 4074 provide
890 3993 1020 4076 quidem
1031 4006 1063 4058 et
1072 3995 1205 4059 utiliter:
1227 3996 1399 4079 Optimam,

445 4094 561 4177 inquit,
575 4092 705 4156 vivendi
720 4093 984 4156 consuetudinem
998 4097 1041 4157 ab
1055 4096 1187 4161 ineunte
1201 4109 1293 4161 catate
1307 4100 1400 4179 elige,

444 4217 516 4258 eam
533 4195 590 4258 tibi
600 4194 779 4280 jucundam
796 4217 873 4258 usus
888 4197 1015 4258 efficiet.
1053 4199 1247 4280 Magnorum
1262 4199 1398 4282 proinde

446 4297 581 4362 virorum
604 4319 727 4376 sensus,
750 4299 913 4362 saecularis
934 4295 1005 4361 haec
1031 4311 1198 4382 expugnat
1220 4300 1398 4366 Comoedia.
1432 4381 1440 4392 ἱ
