3425 5367
311 721 379 767 cae.
394 704 472 779 vu]
665 718 919 765 ectrommcus.
1221 708 1263 765 75

314 870 434 935 talibus
448 881 539 956 pasta
551 890 633 950 sum,
648 892 709 955 ego
721 869 773 933 his
786 870 904 933 iterum
926 891 1047 955 pascar.
1093 870 1172 933 Post
1194 870 1265 935 hacc

313 972 360 1036 illi
376 972 478 1036 territi
493 984 728 1057 trementesque
742 971 992 1057 discedunt,·qui
1007 971 1094 1035 hunc
1107 970 1210 1035 solum
1222 994 1266 1036 ex

311 1072 458 1137 omnibus
478 1071 687 1137 facultatibus
712 1073 778 1137 suis
801 1072 926 1135 miserae
950 1072 1044 1136 matri
1066 1071 1265 1157 reliquerant

313 1172 429 1237 cibum.
478 1172 611 1259 Repleta
625 1186 674 1237 est
688 1185 796 1237 autem
810 1171 973 1237 confestim
993 1174 1143 1237 universa
1156 1172 1269 1238 civitas

313 1275 423 1339 nefarii
448 1275 573 1340 sceleris
599 1275 726 1356 nuncio,
751 1288 784 1340 et
811 1276 1035 1363 unusquisque
1059 1290 1135 1342 ante
1158 1274 1269 1339 oculos

312 1376 448 1457 facinus,
461 1376 550 1463 quod
565 1391 785 1463 perpetratum
800 1377 918 1453 fuerat,
928 1378 1102 1455 adducens,
1116 1392 1268 1464 tanquam

314 1481 341 1544 si
370 1481 439 1565 ipse
466 1480 528 1545 hoc
552 1496 775 1566 perpetrasset,
799 1479 959 1546 horrebat.
1000 1482 1121 1545 Omnes
1149 1494 1269 1555 autern,

315 1604 398 1667 quos
421 1580 517 1647 famis
540 1582 708 1646 necessitas
730 1581 937 1667 perurgebat,
955 1580 1148 1647 festinabant
1170 1584 1272 1675 magis

316 1682 358 1745 ad
389 1694 535 1760 mortem,
566 1683 676 1747 beatos
710 1681 851 1746 dicentes
885 1704 952 1759 eos,
984 1680 1104 1765 quibus
1137 1680 1272 1765 contigit

317 1785 472 1866 interisse,
500 1785 689 1873 priusquam
718 1785 831 1849 talium
862 1782 1019 1847 malorum
1054 1784 1274 1871 polluerentur

318 1886 445 1953 auditu.
489 1892 571 1953 Haec
587 1886 717 1974 quidem
732 1887 910 1974 Josephus.

360 2059 441 2145 Cap.
458 2067 487 2124 7.
510 2060 563 2123 De
576 2080 712 2123 numero
725 2062 938 2141 captivorum,
954 2068 986 2125 et
998 2062 1185 2135 occisorum,
1200 2066 1231 2123 et

619 2170 853 2246 peremptorum
860 2166 964 2247 fame.

360 2298 463 2375 Quam
477 2318 553 2361 vero
565 2308 657 2363 tanta
666 2297 829 2363 calamitas
839 2298 996 2363 invenerit
1006 2299 1147 2377 exitum,
1157 2299 1270 2365 eodem

318 2410 446 2463 auctore
471 2398 640 2485 perpaucis
661 2399 838 2464 adnectam.
883 2400 1047 2486 colligens
1068 2402 1151 2465 enim
1175 2426 1274 2488 supra

319 2499 425 2565 dictus
448 2500 733 2587 historiographus,
754 2524 880 2565 omnem
902 2525 1071 2567 numerum
1092 2498 1275 2590 perempto·

318 2624 389 2665 rum
416 2606 467 2667 vel
493 2601 587 2677 fame,
608 2602 660 2665 vel
685 2602 750 2678 siti,
774 2602 826 2665 vel
850 2602 947 2680 ferro,
969 2603 1120 2667 undecies
1141 2618 1275 2669 centena

319 2704 418 2768 millia
432 2703 623 2787 designavit.
662 2704 804 2767 Caeteros
815 2724 892 2794 aero
905 2706 1056 2780 latrones,
1071 2704 1123 2767 vel
1137 2705 1276 2781 sicarios,

319 2826 356 2869 ac
376 2804 556 2891 praedones,
571 2815 645 2889 post
665 2803 754 2867 urbis
774 2802 947 2883 excidium,
961 2805 1085 2869 mutuis
1104 2805 1277 2872 declaravit

319 2902 669 2969 interisserulneribus.
697 2900 1278 2993 Electosautemquosquejuvenum‚

320 3028 404 3095 quos
425 3004 521 3068 decor
542 3003 684 3089 corporis
709 3016 742 3069 et
763 3004 937 3089 proceritas
961 3007 1214 3087 commendabat,
1234 3009 1277 3073 ad

322 3106 519 3193 triumphum
543 3103 620 3169 dicit
642 3127 708 3168 esse
725 3118 913 3180 reservatos,
929 3104 1069 3192 reliquos
1090 3122 1197 3172 autem
1219 3108 1275 3195 qui

321 3230 417 3291 supra
440 3228 509 3272 xvu
536 3228 635 3269 annos
660 3205 798 3291 agebant
824 3206 941 3283 aetatis,
966 3210 1090 3272 vinctos
1115 3210 1158 3275 ad
1179 3233 1278 3297 opera

322 3314 457 3399 AEgypti
472 3333 529 3396 per
551 3308 680 3374 metalla
693 3310 881 3388 destinatos,
894 3309 947 3373 vel
967 3332 1026 3393 per
1048 3324 1182 3375 caeteras
1202 3334 1277 3397 pro-

323 3414 440 3479 vincias
469 3436 537 3478 esse
567 3411 736 3497 dispersos.
789 3409 854 3474 Alii
885 3410 1016 3495 quidem
1047 3424 1084 3475 ut
1113 3412 1154 3474 ad
1183 3411 1279 3477 ludos

321 3514 536 3603 gladiatorios,
559 3512 613 3578 alii
636 3526 674 3577 ut
696 3512 737 3577 ad
763 3511 882 3577 bestias
903 3512 1115 3577 traderentur.
1163 3513 1279 3601 siqui

323 3641 398 3682 vero
413 3617 498 3682 ultra
518 3616 688 3704 septimum
711 3628 744 3679 et
759 3614 918 3680 decimum
941 3615 1045 3680 aetatis
1064 3617 1182 3703 reperti
1200 3632 1278 3684 sunt

323 3742 453 3795 annum,
468 3741 525 3805 per
539 3718 681 3781 diversas
694 3716 873 3803 provincias
891 3717 926 3780 in
942 3718 1126 3784 servitutem
1141 3720 1278 3785 distrahi

319 3822 401 3905 jussi
416 3832 501 3895 sunt,
513 3840 648 3905 quorum
662 3840 813 3881 numerus
825 3840 929 3904 usque
941 3820 985 3881 ad
997 3820 1169 3901 nonaginta
1179 3819 1279 3885 millia

324 3921 498 4009 perductus
512 3933 570 3985 est.
616 3922 697 3984 Haec
717 3940 792 3982 vero
806 3919 914 3983 omnia
933 3931 1025 4003 gesta
1039 3932 1116 3983 sunt
1137 3921 1280 3986 meando

324 4046 408 4088 anno
423 4022 606 4109 Vespasiani
623 4021 760 4107 imperii,
776 4020 875 4105 juxta
888 4044 927 4084 ea
945 4044 1021 4105 quae
1035 4021 1104 4107 ipse
1120 4023 1280 4088 Dominus

325 4139 357 4191 et
374 4124 521 4191 Salvator
531 4135 640 4189 noster
649 4124 672 4187 J
674 4146 747 4187 esus
760 4122 910 4190 Christus
923 4123 1134 4208 predixerat:
1157 4129 1279 4213 quippe

326 4250 424 4311 quum
439 4250 488 4307 ea,
497 4250 572 4312 quae
582 4225 722 4311 gerenda
733 4240 835 4303 erant,
847 4226 1014 4312 prasentia
1026 4226 1158 4291 rideret.
1182 4230 1279 4291 'l'unc

327 4352 428 4414 quum
444 4329 616 4397 secundum
632 4329 869 4413 evangeliorum
886 4328 980 4393 fidem
993 4329 1105 4393 videus
1118 4329 1278 4395 civitatem
