3425 5367
430 703 491 766 104
693 713 1126 762 tonantsssanssnnmns1s
1245 699 1328 778 [us.
1344 721 1385 765 11.

431 868 606 956 majestatis
619 867 772 954 potentia,
791 889 930 952 eumque
945 865 1109 952 sapientia·
1127 887 1195 930 suoe
1218 867 1339 932 virtute
1354 882 1386 932 et

430 970 642 1035 immensitate
663 970 826 1042 formavit,
849 984 881 1033 et
904 968 1054 1048 firmavit,
1076 981 1161 1032 etut
1179 969 1289 1034 eitam
1312 971 1386 1035 sub

432 1074 580 1137 stantiam
604 1094 702 1160 quam
732 1071 868 1134 formam
890 1071 1057 1146 conferret,
1087 1070 1154 1133 sola
1182 1070 1314 1136 inducta
1338 1084 1387 1136 est
1435 1155 1444 1166 ι

432 1175 585 1238 bonitate.
631 1177 750 1238 Verum
781 1171 996 1238 mathematici
1025 1170 1074 1235 vel
1104 1172 1284 1254 planetarii,
1307 1173 1386 1237 dum

433 1275 637 1362 professionis
650 1297 717 1339 suae
727 1274 901 1361 potentiam
912 1274 1046 1338 dilatare
1057 1273 1218 1350 nituntur,
1228 1273 1259 1336 in
1272 1277 1389 1338 erroris

433 1391 465 1441 et
480 1377 653 1464 impictatis
664 1375 827 1441 mendacia
839 1375 1100 1460 perniciosissime
1111 1387 1277 1438 corruunt.
1320 1375 1389 1438 Nec

435 1480 659 1564 cujuscunque
682 1480 760 1542 artis
781 1478 893 1562 regula
915 1491 1059 1540 servatur
1087 1475 1198 1556 illaesa,
1227 1475 1287 1538 nisi
1310 1475 1388 1538 dum

434 1581 518 1642 infra
540 1580 660 1666 proprii
683 1580 808 1665 generis
830 1580 987 1644 ambitum
1009 1579 1189 1654 cohibetur,
1212 1579 1388 1664 praesertim

436 1704 537 1767 quum
556 1684 655 1768 juxta
670 1683 855 1767 sapientem,
870 1683 1021 1766 frequens
1036 1679 1077 1743 sit
1098 1679 1221 1766 aliquid
1236 1693 1327 1743 extra
1341 1702 1390 1742 re·

435 1784 544 1867 gulam
568 1783 712 1847 inveniri.
757 1785 869 1857 Omnis
890 1782 1007 1846 etenim
1030 1782 1145 1865 regula
1165 1781 1261 1844 alicui
1282 1780 1391 1865 generi

436 1906 543 1956 rerum
561 1883 797 1947 accommodata
806 1895 863 1947 est.
910 1885 943 1946 Si
955 1906 1029 1946 vero
1038 1883 1228 1947 traducatur
1238 1883 1278 1945 ad
1291 1881 1390 1959 aliud,

440 1985 547 2048 statim
567 1985 600 2047 in
624 1985 788 2048 veritatem
804 1984 954 2068 impingit
973 1985 1143 2048 obnoxiam
1164 1984 1310 2048 falsitati.
1357 1984 1391 2047 Si

438 2107 514 2169 ergo
529 2085 743 2150 mathematici
752 2083 929 2171 probabilis
952 2086 1139 2162 matheseos,
1151 2087 1184 2150 id
1199 2101 1259 2165 est,
1275 2087 1392 2151 doctri-

438 2189 520 2251 nalis
529 2188 700 2252 essentfine
709 2187 862 2263 contenti,
873 2200 905 2251 et
918 2211 1024 2251 veram
1035 2202 1164 2276 possent
1171 2191 1297 2276 assequi
1309 2189 1392 2275 posi-

439 2288 556 2354 tionem
578 2289 752 2366 stellarum‚
774 2302 865 2353 etex
889 2289 988 2374 signis
1006 2290 1072 2354 suis
1093 2291 1199 2354 sobria
1214 2291 1393 2355 eruditione

441 2389 614 2454 secundum
646 2390 735 2476 quod
766 2389 955 2454 naturaliter
984 2391 1177 2476 proveniunt
1205 2391 1391 2477 qualitatem

440 2491 587 2577 praescire
607 2506 799 2578 temporum,
821 2507 853 2556 et
874 2492 1099 2578 speculationis
1119 2514 1187 2556 snae
1201 2492 1394 2578 jucundissi-

440 2595 819 2680 mumcarperefructum.
845 2598 954 2668 Quum
968 2618 1042 2658 vero
1051 2594 1185 2660 dilatant
1196 2594 1395 2681 phylacteria

441 2719 499 2758 sua
514 2710 545 2760 et
560 2696 766 2782 magnificant
786 2696 939 2778 fimbrias,
954 2697 1033 2760 dum
1054 2697 1347 2761 constellationibus
1362 2709 1394 2760 et

441 2797 578 2882 planetis
592 2797 726 2862 nimium
749 2799 877 2863 virtutis
899 2799 1098 2874 adscribunt,
1113 2799 1159 2862 eis
1176 2800 1393 2884 nescioquam

441 2901 663 2968 auctoritatem
685 2924 818 2986 operum
847 2900 1072 2980 adscribentes,
1095 2901 1128 2964 in
1150 2901 1302 2966 creatoris
1322 2923 1396 2986 pro-

443 3015 599 3084 rumpunt
628 3001 801 3084 injuriam
825 3013 857 3064 et
887 3000 965 3062 dum
989 3002 1129 3066 coelestia
1158 3026 1233 3086 quae
1259 3013 1396 3066 tractant

443 3099 484 3160 ad
506 3099 708 3161 sobrietatem
730 3121 792 3161 non
816 3099 957 3183 sapiunt,
974 3101 1073 3183 juxta
1096 3102 1284 3183 Apostolum
1305 3101 1398 3166 stulti

444 3211 529 3262 sunt.
575 3197 656 3260 Vide
686 3198 718 3261 in
748 3213 902 3284 quantam
927 3201 1043 3265 erroris
1055 3200 1228 3286 abyssum,
1255 3201 1297 3262 ab
1319 3202 1400 3284 ipsis

444 3299 626 3366 coelestibus
641 3299 765 3365 cadant.
811 3300 1114 3367 constellationibus
1129 3301 1193 3365 suis
1212 3299 1399 3367 adscribunt

447 3405 564 3469 omnia.
608 3407 660 3469 Tu
673 3403 790 3467 videris
805 3425 844 3468 an
862 3405 917 3466 fiat
933 3403 962 3466 ei
977 3404 1106 3488 injuria,
1124 3401 1180 3488 qui
1196 3401 1270 3465 fecit
1280 3402 1397 3466 coelum

444 3520 477 3570 et
504 3520 619 3570 terram
646 3519 678 3568 et
701 3505 807 3566 omnia
832 3527 907 3590 quae
933 3503 964 3565 in
988 3504 1033 3566 eis
1057 3518 1141 3568 sunt.
1185 3503 1311 3567 Deinde
1329 3527 1397 3568 eam

446 3606 642 3670 constellatio
656 3606 752 3668 rebus
763 3593 982 3668 necessitatem
997 3606 1119 3682 indicit,
1137 3619 1173 3670 ut
1188 3607 1313 3671 arbitrii
1328 3629 1399 3692 per·

446 3706 524 3771 imat
547 3707 737 3770 libertatem.
782 3710 833 3770 An
851 3719 888 3770 et
910 3706 970 3771 hoc
999 3722 1095 3788 recte,
1116 3721 1222 3772 tecum
1246 3707 1397 3772 delibera.

449 3808 503 3872 Ad
523 3820 643 3872 tantam
666 3806 804 3892 denique
826 3807 959 3894 quidam
982 3831 1151 3894 pervenere
1175 3811 1346 3886 vesaniant,
1361 3822 1399 3872 ut

449 3934 489 3974 ex
505 3910 637 3974 diversis
653 3909 816 3974 stellarum
830 3911 1044 3996 positionibus
1058 3911 1165 3976 dicant
1177 3912 1345 3995 imaginem
1359 3911 1400 3973 ab

449 4012 576 4078 homine
587 4031 679 4096 posse
690 4011 832 4088 formari,
843 4033 916 4096 qnae
932 4011 957 4074 si
966 4035 1024 4098 per
1035 4013 1201 4077 intervalla
1212 4026 1402 4098 temporum,

449 4128 481 4180 et
511 4115 649 4202 quadam
678 4114 799 4178 ratione
828 4115 1071 4199 proportionum
1100 4116 1134 4179 in
1163 4112 1401 4180 constellatione

451 4231 574 4282 servata
580 4217 748 4288 formetur,
762 4215 925 4278 stellarum
931 4231 1012 4278 nutu
1020 4216 1150 4302 recipiet
1162 4217 1308 4299 spiritum
1317 4215 1402 4293 vitre,

451 4333 482 4396 et
497 4316 734 4392 consulentibus
748 4302 882 4390 occultae
897 4315 1039 4380 veritatis
1051 4317 1265 4389 manifestabit
1281 4332 1401 4386 arcana.
