3425 5367
322 693 392 738 car.
408 677 528 756 xxva]
665 695 916 742 rotvcaarrcns
1213 684 1272 746 143

324 842 481 925 abjecerat
505 842 704 924 innocentiae,
727 845 784 931 qui
809 847 946 932 justitiae
976 860 1154 913 mutaverat
1179 849 1274 912 indn-

327 956 480 1018 mentum,
496 945 638 1008 vestibus
657 944 785 1010 honoris
799 961 831 1011 et
845 947 957 1033 gloriae
971 972 1034 1013 non
1049 948 1161 1014 debuit
1175 951 1275 1034 insig-

323 1045 394 1110 niri.
445 1047 489 1110 Et
504 1046 583 1110 abiit
609 1048 721 1132 utique
748 1061 819 1134 post
841 1072 927 1127 enm,
953 1051 1009 1136 qui
1036 1073 1100 1115 non
1125 1053 1214 1116 stetit
1240 1053 1275 1114 in

322 1146 466 1225 veritate,
481 1157 513 1210 et
535 1147 601 1210 duo
616 1148 676 1212 viri
697 1171 771 1213 cum
793 1173 844 1225 eo,
860 1150 1009 1235 equidem
1031 1151 1219 1215 innominati
1241 1164 1274 1215 et

323 1244 574 1324 innominabiles,
598 1246 658 1331 qui
681 1247 731 1310 vel
757 1271 866 1333 regem
895 1252 937 1313 ad
962 1262 1083 1315 tantam
1107 1251 1274 1336 perfidiam

322 1367 387 1410 non
402 1345 579 1410 reluctante
592 1344 656 1408 fide
670 1346 821 1430 prosequi
836 1358 1022 1432 potuerunt.
1062 1351 1275 1436 Duorumque

323 1465 381 1506 rex
396 1443 544 1507 decenter
559 1443 697 1529 stipatur
711 1444 875 1519 comitatu,
891 1444 968 1509 dnm
983 1469 1002 1508 a
1016 1469 1140 1510 summa
1154 1461 1187 1511 et
1201 1471 1278 1512 vera

325 1543 449 1606 unitata
470 1542 638 1607 recederet.
684 1543 912 1627 Veneruntque
932 1545 973 1607 ad
995 1545 1158 1608 mulierem
1173 1560 1277 1627 nocte,

325 1656 404 1730 apto
433 1643 547 1728 utique
576 1655 728 1728 tempore,
756 1642 797 1706 de
826 1656 928 1707 morte
952 1666 1077 1727 regum,
1100 1644 1141 1708 de
1171 1658 1277 1730 strage

326 1731 450 1831 populi,
477 1743 517 1808 de
540 1743 627 1810 luctu
651 1743 780 1830 publico
803 1767 877 1808 cum
903 1745 1105 1809 tenebrarum
1135 1746 1278 1833 principe

326 1847 514 1911 tractaturi:
551 1847 602 1910 Sic
616 1859 648 1911 et
670 1847 818 1912 Salomon
840 1860 932 1912 nocte
953 1846 1074 1911 dicitnr
1091 1847 1278 1934 sapientiam

327 1949 494 2034 accepisse,
509 1948 566 2034 qui
580 1971 686 2012 amore
708 1948 878 2012 mulierum
899 1948 1032 2013 allectus
1047 1961 1079 2013 et
1093 1962 1276 2035 corruptus,

325 2072 345 2113 a
377 2049 514 2114 Domino
542 2063 609 2114 erat
645 2073 835 2116 recessurus.
892 2053 1006 2115 Petrus
1034 2073 1168 2136 qnoque
1196 2050 1276 2115 dum

324 2148 427 2214 calore
452 2149 527 2213 fidei
551 2149 736 2223 destitutus,
757 2148 945 2214 calefaceret
967 2173 1001 2214 ae
1025 2151 1067 2214 ad
1091 2173 1211 2236 prunas
1235 2151 1277 2215 de

327 2261 428 2328 nocte,
444 2251 552 2337 lapsus
566 2262 614 2315 est
629 2250 661 2313 in
676 2250 853 2336 perfidiam,
868 2263 900 2314 et
915 2273 984 2314 eam
1000 2252 1130 2316 crimine
1145 2253 1277 2340 perjurii

327 2352 402 2416 lecit
416 2351 580 2437 insignem.
624 2351 689 2416 Alii
709 2351 805 2415 etiam
820 2349 968 2436 discipuli
984 2351 1097 2414 timore
1112 2353 1275 2436 prostrati,

327 2465 469 2537 tempore
482 2463 639 2514 nocturno
649 2449 814 2532 fugerunt.
844 2450 891 2512 Et
905 2449 950 2512 ait
963 2450 1040 2513 Saul
1054 2451 1095 2514 ad
1111 2452 1276 2518 mulierem

326 2551 484 2632 (mulieres
492 2550 574 2614 enim
585 2549 785 2635 frequentius
796 2548 928 2634 spiritus
940 2550 1141 2635 Pythonicua
1151 2553 1277 2637 implet)

327 2651 446 2716 Divina
459 2651 538 2714 mihi
553 2649 584 2712 in
600 2648 759 2734 Pythone,
775 2661 807 2711 et
828 2648 947 2712 suscita
961 2648 1151 2734 mihiquem
1166 2649 1278 2713 dixero

327 2751 394 2816 tibi.
441 2751 530 2835 Lege
551 2749 661 2824 libros,
684 2748 808 2812 revolve
829 2747 988 2827 historias,
1008 2761 1149 2812 scrutare
1170 2771 1278 2814 omnes

326 2849 462 2935 angulos·
482 2853 723 2935 scripturarum,
737 2869 895 2934 nusquam
917 2848 984 2910 iere
1005 2848 1039 2912 in
1061 2848 1146 2912 bona
1158 2849 1279 2935 signifi·

327 2951 450 3016 catione
461 2949 686 3014 divinationem
699 2949 848 3014 invenies.
879 2948 975 3015 Unde
986 2948 1158 3035 prophetas
1171 2973 1280 3037 repro-

327 3053 386 3118 bos
400 3051 593 3116 divinatores
608 3073 669 3114 non
686 3051 860 3138 prophetas
874 3074 953 3127 esse,
969 3051 1129 3137 scriptura
1142 3075 1278 3117 comme·

328 3166 441 3230 morat,
467 3153 577 3240 quales
605 3151 736 3216 fuerunt
766 3152 932 3238 prophetae
962 3152 1089 3229 Achab,
1115 3153 1174 3238 qui
1203 3175 1277 3217 eum

328 3254 467 3320 Domino
481 3252 698 3340 permittente,
709 3252 913 3338 exigentibus
927 3252 1049 3338 meritis
1064 3253 1159 3317 variis
1173 3253 1280 3317 ludifi-

328 3355 507 3420 cationibus
525 3351 729 3418 seducebant.
774 3351 923 3436 Denique
944 3351 1038 3433 juxta
1059 3351 1193 3414 verbum
1214 3355 1281 3415 Do-

329 3455 406 3520 mini
427 3475 573 3540 egressue
594 3465 642 3517 est
665 3451 796 3538 spiritus
821 3449 972 3525 mendax,
995 3462 1028 3512 et
1049 3449 1154 3514 factus
1176 3463 1223 3514 eat
1245 3452 1279 3514 in

328 3577 382 3618 ore
392 3555 534 3619 omnium
547 3553 774 3640 prophetarum
791 3549 907 3614 Achab
915 3571 1084 3613 ascensuro
1093 3550 1126 3614 in
1138 3551 1278 3615 Remoth

329 3654 464 3732 Galaad,
493 3654 534 3718 ad
569 3675 721 3740 prospera
755 3650 1021 3738 promittendum,
1049 3650 1117 3714 solo
1151 3652 1280 3716 Michea

330 3755 498 3822 Morastite
527 3753 728 3832 reclamante,
756 3752 814 3836 qui
842 3751 987 3816 conscius
1016 3750 1117 3814 divini
1146 3752 1281 3830 consilii,

332 3854 429 3920 Israel
444 3877 540 3942 quem
562 3853 739 3937 dispersum
763 3853 795 3916 in
817 3852 980 3916 montibus
993 3849 1129 3930 viderat,
1142 3872 1282 3935 praemu-

329 3956 421 4032 nivit,
440 3975 541 4019 caesus
562 3951 604 4016 ob
626 3964 741 4018 amatoe
758 3950 902 4014 veritatis
918 3948 1078 4034 judicium
1098 3949 1141 4013 ab
1157 3973 1207 4026 eo,
1222 3951 1280 4036 qui

329 4056 476 4122 assumtis
497 4053 647 4118 cornibus
667 4050 777 4115 ferreis
799 4049 943 4114 dixerat:
974 4049 1037 4114 His
1057 4071 1113 4113 rex
1128 4051 1281 4116 cornibus

333 4155 457 4237 Syriam
473 4151 649 4218 ventilabis.
695 4153 855 4214 Praeterea
876 4147 1033 4212 divinatio
1048 4147 1112 4212 iere
1132 4148 1197 4212 aine
1214 4139 1293 4214 mnss

332 4273 405 4316 nere
427 4274 488 4316 non
511 4251 619 4330 fiebat,
641 4261 755 4334 ntpore
774 4270 847 4331 quac
862 4247 896 4309 in
914 4246 1056 4310 avaritie
1076 4259 1108 4310 et
1129 4247 1281 4331 nequitiae
