3425 5367
350 674 421 719 cnr.
437 657 532 731 nna]
696 669 949 718 roarcasrrcos.
1264 656 1305 713 55

352 838 406 887 tus
420 836 479 902 est,
495 824 601 889 asinus
620 822 763 895 inutilis;
795 822 853 887 etsi
876 819 1034 885 utilissimi
1050 818 1123 893 sint,
1139 818 1180 881 ad
1201 820 1304 904 perse-

351 925 450 989 renda
465 948 569 988 onera.
616 928 734 1011 Equus
760 921 955 1010 quandoque
975 921 1077 986 bonus
1095 932 1161 999 est3
1191 920 1246 984 sed
1270 920 1302 985 in

350 1046 389 1087 eo
411 1025 490 1089 nihil
512 1024 634 1105 utilius,
659 1047 754 1111 quam
779 1022 867 1111 quod
890 1022 1037 1085 humanis
1059 1021 1171 1085 usibus
1193 1022 1301 1087 servit.

350 1128 461 1193 Habet
476 1150 551 1191 vero
562 1126 745 1213 jurgiorum
761 1138 792 1189 et
808 1146 927 1209 pugnae
943 1124 1214 1209 significationem.
1250 1126 1304 1187 In-

349 1229 478 1295 terdum
508 1243 615 1294 tamen
640 1252 681 1293 ex
705 1228 809 1291 colore
835 1241 868 1291 et
891 1227 963 1292 visu
986 1226 1161 1311 mitigatur.
1210 1226 1303 1292 Unde

350 1331 438 1415 apud
465 1330 645 1415 Virgilium,
670 1328 744 1393 visis
769 1327 849 1391 albis
875 1326 979 1414 equis,
1000 1339 1173 1413 apparente
1200 1327 1305 1406 ltalia,

351 1430 455 1493 senior
472 1430 628 1494 Anchises
643 1428 816 1493 exclamat:

493 1538 606 1602 Bellum,
619 1554 634 1589 o
645 1535 743 1589 bellum
756 1542 825 1588 terra
836 1536 941 1607 hospita
952 1542 1049 1607 portas.

352 1636 505 1713 Cervum,
524 1634 716 1720 capreolum,
738 1655 916 1719 aprumque
936 1632 1124 1709 silvestrem,
1145 1655 1301 1718 onagrum

351 1750 384 1798 et
414 1747 527 1799 caetera
554 1736 650 1821 hujus
679 1734 814 1819 generis,
839 1733 924 1797 malo
949 1733 1117 1820 prandenti
1148 1756 1301 1820 apponas,

352 1859 450 1921 quam
475 1836 574 1901 vianti
601 1860 753 1923 opponas.
807 1840 924 1901 AEneas
953 1835 1055 1899 cervis
1083 1858 1143 1922 pro
1172 1836 1302 1900 navium

351 1960 484 2003 numero
509 1940 598 2017 susiS,
620 1962 712 2003 omen
736 1937 823 2024 quod
846 1938 1041 2002 contrarium
1057 1937 1237 2017 videbatur,
1259 1940 1301 2003 ad

353 2064 385 2103 se
414 2042 635 2127 sociorumque
665 2040 839 2115 fortunam,
870 2040 988 2107 virtute
1018 2040 1152 2105 retorsit.
1206 2042 1303 2106 Canis

352 2144 525 2230 sequipeda
539 2143 814 2207 commodissimus
831 2158 898 2208 est:
921 2145 1025 2229 cujus,
1040 2143 1066 2207 si
1080 2166 1156 2207 vera
1170 2157 1217 2209 est
1235 2147 1302 2210 He·

353 2246 510 2309 braeorum
542 2245 685 2321 traditio,
716 2268 773 2309 nec
802 2245 934 2331 angelus
962 2246 1030 2332 ipse
1060 2246 1176 2310 Tobioe
1201 2248 1304 2311 socius

353 2361 541 2433 aspernatus
556 2360 604 2411 est
620 2345 816 2411 comitatum.
863 2348 949 2424 Quid
966 2348 1052 2434 quod
1068 2351 1175 2433 Cyrus
1190 2350 1304 2414 scelere

241 2524 244 2531 Ι
352 2449 404 2511 avi
426 2450 592 2535 expositus
614 2447 646 2513 in
670 2448 757 2511 silvis
779 2461 815 2511 ut
838 2447 967 2533 periret,
980 2448 1131 2515 caniculae
1155 2450 1305 2516 uberibus

352 2570 484 2633 regnum
508 2549 646 2634 adeptus
668 2560 716 2612 est
738 2550 919 2611 Persarum.
964 2548 1107 2613 Locusta
1129 2551 1188 2613 etsi
1211 2551 1303 2614 mini·

352 2672 437 2715 mum
461 2652 572 2736 possit,
593 2650 812 2715 itinerantium
835 2661 939 2713 tamen
964 2649 1121 2734 praepedit
1145 2664 1241 2729 vota;
1262 2674 1302 2715 ex

351 2774 388 2815 eo
402 2752 487 2816 forte
509 2752 554 2816 sic
576 2751 673 2830 dicta,
688 2750 775 2835 quod
799 2750 868 2812 loco
888 2761 972 2813 stare
993 2750 1089 2814 faciat
1111 2752 1301 2835 gradientes.

352 2854 381 2915 E
395 2865 505 2913 contra
516 2850 624 2913 cicada
633 2850 761 2915 viatoris
773 2863 940 2935 promovet
950 2872 1108 2935 gressum,
1119 2864 1151 2916 et
1162 2852 1302 2917 initiato-

351 2974 423 3017 rum
446 2965 584 3015 amoenat
606 2952 738 3017 exitum.
785 2955 913 3015 Aranea
938 2952 1016 3015 dum
1042 2975 1061 3015 a
1087 2955 1303 3039 superioribus

352 3054 442 3119 filum
470 3054 568 3134 ducit,
594 3077 680 3141 spem
704 3066 846 3119 venturae
868 3056 1012 3140 pecuniae
1028 3056 1156 3121 videtur
1177 3056 1301 3122 afferre.

351 3156 475 3222 Obvius
484 3156 562 3220 bufo
576 3157 706 3221 futuros
721 3180 883 3221 successus
894 3157 1083 3231 denunciat;
1102 3160 1178 3223 mihi
1195 3173 1301 3226 tamen

350 3258 400 3321 vel
427 3259 492 3322 solo
516 3259 586 3323 visu
608 3264 761 3323 molestus
782 3272 839 3324 est.
886 3260 1100 3323 Veruntamen
1121 3262 1226 3324 omine
1246 3263 1301 3325 illo

350 3360 428 3425 nihil
450 3364 625 3447 potentius
649 3360 728 3424 nihil
751 3360 909 3424 efficacius
932 3372 992 3436 est,
1014 3359 1093 3421 nihil
1120 3360 1301 3425 mortalium

350 3485 490 3548 unquam
503 3462 657 3538 invenies,
667 3462 755 3547 quod
768 3461 946 3526 evidentius
957 3460 1114 3546 exprimat
1127 3461 1301 3526 veritatem.

351 3566 452 3628 Porro
466 3565 493 3629 si
508 3576 608 3629 artem
625 3563 795 3651 diligenter
807 3568 983 3650 exequeris,
993 3562 1205 3629 conditionem
1221 3565 1303 3651 ejus,

349 3678 380 3730 et
404 3666 489 3731 dona
510 3678 644 3741 naturae,
662 3666 769 3743 situm,
785 3680 924 3752 gestum,
940 3678 1127 3752 motumque
1149 3668 1300 3752 corporis,

350 3790 541 3855 sensumque
564 3768 727 3846 sermonis,
744 3782 813 3834 tota
834 3768 951 3831 mentis
969 3768 1145 3831 intentione
1166 3769 1302 3833 notabis.

351 3870 552 3935 Sacerdotem
567 3870 708 3934 obvium
731 3869 870 3933 aliumve
891 3868 1086 3953 religiosum,
1102 3870 1214 3934 dieunt
1235 3892 1301 3934 esse

348 3971 534 4040 infaustum.
591 3973 664 4057 Ego
695 3996 825 4058 quoque
860 3970 1072 4058 perniciosum
1102 3972 1207 4049 credo,
1238 3996 1301 4036 non

348 4074 443 4137 modo
458 4074 686 4149 sacerdotibus,
704 4074 759 4138 sed
777 4088 809 4140 et
827 4075 902 4138 viris
923 4074 1120 4160 sapientibus
1134 4076 1303 4138 contraire.

349 4174 470 4239 Melius
495 4198 625 4261 quoque
651 4190 698 4239 est
725 4177 853 4241 obviare
883 4177 972 4261 genti
1003 4198 1301 4261 servorum,.,quam

346 4275 396 4341 his
423 4278 479 4363 qui
503 4301 625 4343 summa
651 4292 727 4345 sunt
755 4278 885 4365 praediti
905 4290 1077 4364 potestate.
1123 4278 1299 4343 Foeminam
