3425 5367
457 690 517 750 192
712 703 848 749 scaurus
865 703 1143 750 sanasnnurmtsrs
1257 687 1339 766 [ms.
1356 709 1408 755 ιιι.

454 861 559 942 gentis
593 867 626 921 et
659 858 778 919 urentis
813 855 1021 921 conscientiae
1053 856 1185 930 stimuli,
1220 857 1410 923 meticulosa

377 1012 381 1020 .
454 959 551 1024 corda
565 959 765 1037 concutiunt,
779 967 811 1020 et
829 957 1026 1041 praecipuam
1041 957 1073 1019 in
1091 957 1240 1021 omnibus
1255 958 1318 1021 sibi
1333 981 1408 1024 ven·

453 1062 563 1126 dicant
573 1060 803 1124 auctoritatem.
834 1059 925 1122 Adeo
938 1057 1079 1142 quidem,
1089 1069 1124 1121 ut
1136 1058 1318 1122 sacerdotes
1327 1062 1407 1142 legis

454 1164 570 1227 divinae
598 1169 764 1246 precepta
795 1158 1008 1237 dissimulent,
1038 1159 1228 1240 sapientiam
1262 1161 1408 1225 nesciant

454 1264 606 1341 seniores,
614 1261 697 1346 juris
712 1261 753 1323 sit
762 1259 868 1343 judex
888 1260 1030 1342 ignarus,
1044 1261 1195 1342 praelatus
1211 1263 1408 1325 auctoritatis

454 1363 595 1439 nescius,
617 1359 798 1443 disciplinae
825 1359 999 1444 subjectus,
1021 1360 1201 1424 libertatem
1224 1371 1409 1424 contemnat

453 1464 621 1546 ingenuus,
636 1471 721 1524 totus
743 1458 882 1542 denique
904 1459 1044 1541 populus
1066 1459 1205 1541 quietem
1228 1471 1260 1522 et
1281 1481 1407 1542 pacem.

454 1565 543 1626 Dum
558 1563 643 1626 enim
663 1582 775 1624 omnes
794 1560 890 1624 unius
910 1559 1111 1643 praesidentis
1127 1561 1288 1625 voluntate
1304 1562 1407 1624 scrun-

455 1674 516 1742 tur,
527 1663 664 1726 universi
680 1674 713 1725 et
727 1661 844 1742 singuli
859 1681 918 1724 suo
934 1661 1096 1743 privantur
1110 1661 1252 1724 arbitrio.
1288 1664 1406 1726 Nonne

455 1766 526 1830 baec
542 1774 610 1830 erat
622 1764 723 1827 facies
737 1763 900 1844 temporis,
917 1761 1047 1845 quando

734 1876 831 1928 Sedere
844 1883 929 1947 patres
942 1893 1046 1958 censere
1058 1879 1151 1949 parati,

562 1965 591 2016 Si
601 1980 719 2032 regnum,
731 1962 753 2014 si
764 1961 864 2032 templa
875 1967 957 2033 petat,
965 1962 1139 2034 jugulumque
1151 1969 1265 2027 senatus,

560 2047 737 2114 Passurasque
747 2044 854 2097 infanda
865 2061 957 2097 nurus:

455 2173 558 2236 eoque
573 2153 641 2214 solo
656 2153 739 2214 bene
762 2171 837 2214 cum
852 2151 976 2214 civibus
991 2161 1098 2215 actum
1122 2159 1181 2225 est,
1197 2149 1283 2234 quod
1301 2149 1410 2214 Caesar

455 2257 547 2339 plura
562 2254 677 2338 jubere
697 2253 834 2331 erubuit,
849 2275 945 2336 quam
966 2255 1072 2317 Roma
1091 2251 1182 2338 pati?
1222 2253 1339 2316 Nonne
1360 2263 1408 2336 ty-

454 2356 547 2419 ranni
566 2355 687 2439 opinio,
703 2354 745 2417 ad
765 2353 941 2438 tyrannidis
960 2355 1086 2418 transiit
1106 2375 1316 2433 successores,
1332 2355 1409 2418 dum

456 2453 760 2540 suspicantur‚quod
769 2455 929 2534 legesase
937 2455 1048 2518 maluit
1057 2456 1137 2534 tolli,
1148 2476 1244 2539 quam
1253 2457 1293 2518 ab
1303 2455 1407 2518 humi·

455 2560 543 2622 libus
563 2557 747 2621 observari?
776 2555 930 2640 incoque
952 2557 1110 2620 libertatis
1126 2569 1267 2620 servatur
1288 2559 1410 2634 umbra,

456 2660 483 2723 si
499 2660 684 2744 aequisque
699 2657 786 2741 quod
805 2659 989 2742 praecipitur
1009 2660 1136 2722 simulat
1150 2659 1301 2736 voluisse,
1317 2658 1407 2721 facit-

457 2785 531 2848 que,
547 2764 612 2825 imo
627 2761 751 2824 videtur
765 2761 880 2839 lacere,
896 2760 936 2824 de
952 2761 1142 2825 necessitate
1158 2761 1315 2833 virtutem,
1332 2758 1409 2822 dum

455 2862 640 2927 necessitati
659 2861 768 2946 jungit
788 2882 993 2935 consensum,
1009 2872 1041 2923 et
1061 2861 1149 2944 quod
1169 2859 1327 2922 incumbit
1341 2880 1410 2940 gra-

455 2974 559 3028 tanter
587 2952 799 3045 amplectitur,
850 2963 917 3025 Hic
947 2983 1041 3045 porro
1071 2963 1168 3026 nullae
1199 2972 1274 3025 sunt
1302 2970 1408 3044 partes

456 3085 547 3138 verae,
563 3074 617 3125 aut
637 3062 785 3141 ingenuae
806 3062 972 3140 libertatis,
989 3061 1045 3124 ubi
1064 3073 1168 3126 totum
1187 3063 1248 3126 sibi
1270 3061 1409 3124 adulatio

456 3163 613 3240 vendicat,
628 3161 750 3224 vanitas
772 3172 886 3238 totum,
906 3162 1051 3246 nihilque
1068 3164 1192 3227 veritati
1213 3161 1409 3245 relinquitur,

456 3274 514 3329 aut
538 3262 654 3327 virtuti.
699 3261 929 3328 Adulationem
953 3269 1039 3327 vero
1054 3265 1123 3328 sine
1148 3265 1223 3326 dolo
1247 3283 1316 3324 esse
1344 3281 1410 3324 non

455 3366 594 3445 dubites,
604 3386 705 3449 quum
715 3366 748 3428 in
761 3365 958 3430 adulatorum
974 3386 1111 3448 persona
1122 3364 1162 3426 de
1172 3384 1205 3425 se
1215 3360 1409 3425 confiteatur

456 3468 573 3543 Gnato,
596 3468 672 3550 quia
693 3487 792 3548 quum
819 3467 960 3529 maxime
983 3465 1112 3546 decipio
1134 3471 1210 3525 tunc
1232 3461 1407 3546 triumpho.

456 3567 547 3629 Sicut
575 3566 661 3628 enim
692 3567 765 3628 finis
793 3566 927 3628 oratoris
957 3575 1005 3628 est
1029 3562 1224 3646 persuasisse
1253 3563 1407 3639 dictione,

455 3666 573 3728 medici
588 3686 714 3729 curasse
731 3664 892 3728 medicina
901 3688 911 3742 ;
933 3664 979 3728 sic
995 3663 1168 3728 adulatoris
1184 3664 1258 3727 finis
1273 3675 1321 3727 est
1336 3685 1407 3727 sua·

456 3767 597 3850 viloquio
612 3764 787 3848 decepisse.
832 3765 917 3828 Nam
934 3776 966 3830 et

560 3879 665 3936 Fistula
675 3879 748 3933 dulce
760 3880 838 3944 canit,
849 3879 980 3933 volucrem
992 3881 1053 3934 dum
1065 3880 1162 3951 decipit
1172 3897 1283 3952 auceps:

455 3984 501 4046 Et
523 4001 645 4044 venena
665 3979 874 4061 propinantur
896 3980 990 4042 melle
1014 3978 1202 4056 circumlita,
1226 3999 1289 4061 quo
1312 3977 1407 4041 citius

456 4092 603 4146 noceant.
648 4081 767 4142 Verum

561 4186 623 4238 Non
635 4185 714 4239 estin
725 4184 825 4238 medico
840 4202 942 4257 semper
954 4186 1085 4238 relevetur
1096 4191 1125 4239 ut
1136 4204 1215 4255 aeger,

453 4296 486 4352 et
504 4285 602 4348 finem
625 4303 717 4345 suum
739 4282 795 4364 qui
817 4282 851 4344 in
874 4283 972 4345 altero
992 4295 1050 4360 est,
1065 4293 1169 4346 orator
1190 4304 1256 4346 non
1279 4303 1404 4366 semper
