3425 5367
321 764 392 809 cnr.
409 744 476 824 un]
672 758 926 802 eocrcnnmous.
1210 739 1273 799 223

324 913 450 979 Stoicos
471 926 679 988 transeamus,
693 909 749 993 qui
769 931 882 972 causas
903 908 1066 970 nominum
1089 903 1275 988 diligentius

321 1014 535 1098 investigant;
568 1011 662 1077 lictor
677 1011 805 1090 dicitur,
821 1009 913 1096 quasi
935 1009 1014 1092 legis
1029 1007 1119 1086 ictor,
1133 1029 1171 1069 eo
1185 1006 1274 1091 quod

320 1116 362 1179 ad
388 1115 489 1200 ipsius
514 1125 636 1199 spectat
661 1111 799 1177 officium
824 1113 928 1190 ferire,
954 1133 1049 1197 quem
1075 1113 1128 1172 lex
1148 1108 1273 1194 judicat

320 1216 509 1280 feriendum.
555 1215 652 1279 Unde
668 1228 701 1278 et
716 1213 895 1299 antiquitus
914 1213 955 1277 ab
971 1210 1178 1282 OfficialibuS,
1194 1231 1275 1294 quo-

321 1341 394 1382 rum
414 1339 512 1381 manu
531 1318 627 1380 index
649 1330 796 1380 nocentes
821 1314 926 1402 punit,
945 1335 1047 1400 quum
1069 1335 1124 1376 reo
1148 1310 1275 1397 gladius

320 1424 509 1496 immineret,
536 1422 722 1506 obtempera
751 1419 830 1504 legis
860 1419 993 1482 arbitrio
1022 1417 1198 1494 dicebatur,
1225 1415 1274 1478 vel

321 1525 422 1609 legem
433 1522 543 1608 imple,
554 1536 590 1586 ut
603 1523 647 1585 rei
660 1522 820 1586 tristitiam
833 1519 994 1605 mitigaret
1004 1518 1053 1582 vel
1065 1517 1274 1582 mansuetudo

321 1629 501 1690 verborum.

322 1962 401 2046 Cap.
417 1967 447 2024 3.
481 1962 574 2036 Quod
594 1961 747 2044 princeps
774 1961 917 2024 minister
944 1969 989 2024 est
1012 1960 1221 2034 sacerdotum,
1244 1966 1275 2022 et

362 2064 469 2126 minor
482 2065 527 2126 eis
536 2089 548 2135 ,·
572 2069 604 2126 et
614 2063 696 2148 quid
704 2063 746 2124 sit
754 2063 967 2124 ministerium
978 2063 1190 2142 principatus
1187 2059 1274 2143 fide·

365 2167 440 2228 liter
450 2186 569 2247 gerere.

365 2315 467 2380 Hunc
482 2339 559 2402 ergo
573 2315 717 2400 gladium
732 2313 773 2377 de
787 2335 884 2376 manu
896 2310 1047 2376 Ecclesiae
1062 2310 1176 2396 accipit
1188 2311 1275 2397 prin-

320 2439 405 2503 ceps,
415 2441 513 2502 quum
530 2419 600 2503 ipsa
614 2430 718 2482 tamen
733 2415 877 2502 gladium
894 2415 1054 2498 sanguinis
1068 2414 1196 2478 omnino
1211 2437 1273 2478 non

321 2517 447 2581 habeat.
492 2518 601 2582 Habet
624 2530 730 2580 tamen
755 2531 787 2581 et
810 2514 920 2594 istum,
943 2515 996 2578 sed
1023 2539 1060 2578 eo
1088 2517 1190 2579 utitur
1215 2537 1273 2600 per

323 2618 474 2705 principis
485 2640 623 2700 manum,
635 2617 688 2684 cui
700 2617 944 2682 coercendorum
958 2639 1125 2702 corporum
1138 2617 1274 2682 contulit

320 2733 523 2806 potestatem,
538 2719 749 2805 spiritualium
772 2719 834 2783 sibi
855 2719 888 2781 in
911 2717 1116 2803 pontificibus
1138 2719 1273 2784 auctori·

320 2833 388 2886 tate
403 2839 571 2886 reservata.
616 2823 677 2886 Est
696 2843 773 2907 ergo
793 2820 940 2906 princeps
956 2819 1120 2884 sacerdotii
1144 2818 1272 2904 quidem

321 2922 476 3000 minister,
502 2937 535 2988 et
561 2923 618 3009 qui
644 2945 804 2988 sacrorum
831 2921 1008 2986 officiorum
1038 2921 1123 2984 illam
1150 2935 1273 3007 partem

320 3037 457 3104 exercet,
486 3049 559 3112 quae
593 3025 763 3090 sacerdotii
792 3025 939 3090 manibus
973 3023 1100 3090 videtur
1132 3023 1273 3110 indigna.

322 3128 488 3190 Sacrorum
504 3148 642 3212 namque
656 3129 765 3211 legum
780 3148 874 3190 omne
889 3125 1025 3190 officium
1042 3123 1225 3210 religiosum
1241 3135 1273 3188 et

319 3219 410 3314 pium
429 3242 489 3306 est,
503 3227 585 3292 illud
608 3241 712 3292 tamen
734 3229 879 3308 inferius,
894 3227 980 3318 quod
996 3225 1027 3290 in
1050 3226 1154 3310 poenis
1169 3225 1274 3290 crimi-

318 3353 396 3394 num
421 3343 598 3408 exercetur‚
623 3342 656 3394 et
682 3328 843 3416 quandam
873 3327 1024 3392 carnificii
1047 3337 1274 3413 repraesentare

319 3432 447 3498 videtur
458 3432 637 3518 imaginem.
664 3431 762 3496 Unde
770 3443 803 3495 et
815 3429 1044 3497 Constantinus
1055 3430 1274 3492 Romanorum

318 3534 520 3600 fidelissimus
543 3536 735 3622 Imperator,
756 3555 857 3621 quum
886 3531 1082 3598 sacerdotum
1105 3529 1273 3596 concilium

319 3637 450 3700 Niceam
466 3651 679 3715 convocasset,
695 3660 753 3701 nec
770 3637 911 3723 primum
934 3634 1038 3698 locum
1058 3646 1163 3698 tenere
1177 3655 1274 3698 ausus

318 3749 378 3813 est,
392 3759 450 3800 nec
469 3759 502 3800 se
515 3737 774 3824 presbyterorum
795 3737 971 3802 immiscere
991 3733 1200 3809 consessibus,
1216 3732 1270 3796 sed

318 3837 424 3902 sedem
446 3837 647 3902 novissimam
669 3836 849 3922 occupavit.
896 3835 1074 3900 Sententias
1097 3857 1170 3898 vero
1192 3855 1274 3918 quas

319 3939 360 4004 ab
374 3937 421 4003 eis
434 3939 627 4026 approbatas
647 3939 783 4019 audivit,
799 3938 845 4004 ita
866 3951 1034 4002 veneratus
1052 3947 1110 4011 est,
1125 3958 1162 4000 ac
1180 3935 1205 3998 si
1220 3957 1274 4000 eas

320 4038 361 4102 de
374 4040 492 4104 divinae
506 4037 682 4124 majestatis
696 4039 842 4104 sensisset
861 4061 1021 4102 emanasse
1031 4037 1163 4125 judicio.
1210 4037 1272 4102 Sed

320 4149 353 4201 et
367 4137 490 4202 libellos
512 4140 768 4225 inscriptionum,
783 4161 865 4224 quos
880 4137 919 4202 ud
943 4137 1077 4202 invicem
1093 4151 1272 4224 conceptos,

320 4237 518 4302 sacerdotum
539 4239 671 4304 crimina
690 4238 898 4318 continentes,
915 4238 1104 4324 Imperatori
1124 4261 1273 4325 porrexe-

320 4351 404 4420 rant,
415 4341 554 4425 suscepit
569 4342 711 4426 quidem,
723 4341 908 4426 clausosque
924 4341 1065 4426 reposuit
1077 4344 1109 4408 iu
1121 4343 1191 4408 sinu
1203 4363 1272 4406 suo.

1405 1272 1521 1362 (A,
