3425 5367
445 718 487 775 Μ
680 729 817 774 tornius
832 728 1114 774 sssusssnrunsrs
1276 710 1361 790 [mn.
1379 731 1402 774 1.

448 879 605 966 rapacitas
629 879 815 943 imminebit.
873 880 966 954 Quod
997 893 1028 945 et
1054 879 1242 967 joculariter
1266 880 1405 945 innuens

450 982 548 1057 Naso,
563 980 619 1059 ait,

555 1089 665 1142 Odimus
677 1090 824 1162 accipitrem
836 1091 898 1159 quia
908 1105 1008 1160 semper
1019 1090 1085 1141 vivit
1095 1090 1121 1141 in
1135 1090 1221 1141 armis

453 1186 600 1271 Regulus
621 1206 751 1271 quoque
772 1186 852 1271 ipse,
876 1184 984 1271 quiet
1006 1184 1156 1248 bitriscus
1177 1184 1308 1262 dicitur,
1329 1209 1405 1249 vera

452 1288 649 1375 quandoque
684 1288 875 1375 portendere
904 1309 966 1350 non
1004 1285 1209 1372 dedignatur.
1265 1289 1406 1354 Minutoe

452 1388 548 1454 etiam
563 1412 647 1468 aves,
662 1388 802 1453 adventu
826 1411 883 1453 suo
899 1386 950 1451 vel
970 1410 1105 1463 recessu,
1122 1386 1301 1473 significant
1315 1388 1406 1451 iami-

452 1493 527 1556 liam
542 1513 626 1557 nuno
641 1492 758 1567 minui‚.
769 1512 855 1555 nunc
870 1489 989 1574 augeri.
1021 1489 1173 1553 Omnium
1190 1511 1266 1553 vero
1281 1490 1407 1555 volatus

454 1606 575 1679 quanto
601 1596 749 1669 serenior,
777 1603 869 1656 tanto
894 1590 1083 1655 laudabilior
1108 1604 1166 1655 est.
1212 1591 1309 1657 Unde
1337 1595 1405 1657 Me-

452 1695 570 1778 lampo,
599 1717 704 1781 augur
739 1693 990 1780 praenominatus
1019 1694 1239 1778 conqueritur,
1268 1706 1406 1779 stragem

456 1799 642 1863 Graecorum
658 1796 827 1883 conjiciens
844 1819 883 1863 ex
901 1795 1021 1873 volatu,

732 1913 817 1967 Vides
828 1918 858 1965 ut
869 1912 941 1965 nulla
952 1929 1057 1965 nereum

629 1999 696 2051 Ales
708 2004 771 2066 agat
782 2016 881 2051 cursus.

456 2100 488 2159 A
504 2095 613 2160 bestiis
628 2116 757 2181 quoque
772 2094 896 2158 viarum
912 2106 1041 2158 tuarum
1056 2106 1190 2158 eventus
1206 2094 1406 2159 scrutaberis.

457 2198 593 2283 Leporis
615 2196 741 2261 timebis
763 2219 942 2279 occursum,
970 2197 997 2260 si
1027 2209 1132 2261 tamen
1158 2196 1301 2261 evaserit.
1347 2198 1408 2261 Est

457 2299 539 2365 enim
563 2298 775 2385 proculdubio
797 2298 897 2389 longe·
910 2298 1104 2363 commodior
1123 2298 1155 2361 in
1176 2321 1296 2378 mensa,
1310 2321 1407 2385 quam

457 2401 489 2465 in
506 2400 568 2466 via.
614 2402 712 2486 Lupo
732 2400 826 2465 obvio
846 2400 1136 2486 congratulaberis:
1160 2400 1236 2466 boni
1251 2400 1407 2488 siquidem

458 2500 592 2567 nuncius
607 2516 666 2582 est,
677 2503 749 2567 licet
767 2502 834 2567 solo
845 2503 914 2567 visu
929 2525 1041 2565 nocere
1057 2502 1155 2567 soleat
1170 2502 1211 2582 ei,
1222 2525 1317 2589 quem
1333 2515 1407 2569 ante

458 2604 651 2690 praeciderit,
667 2628 838 2691 vocemque
854 2604 1060 2691 praecludere.
1105 2604 1210 2667 Juxta
1224 2603 1318 2680 illud,

599 2714 663 2768 Vox
674 2712 742 2783 fugn
753 2714 819 2785 ipsa,
831 2714 887 2785 lupi
899 2714 1003 2767 Maerim
1013 2713 1100 2766 ridere
1111 2712 1217 2783 priores.

461 2812 563 2875 Hiero
606 2810 732 2875 Siculus
772 2810 965 2876 literatorio·
988 2810 1135 2875 insistens
1176 2807 1292 2882 studio,
1328 2811 1410 2873 inter

459 2914 636 2998 coaequnles
658 2914 730 2977 stilo
750 2935 878 2998 opernm
900 2914 1009 2991 dabat,
1023 2913 1118 2996 eique
1132 2912 1237 2998 lupus
1258 2912 1291 2975 in
1314 2912 1410 2977 turba

459 3035 631 3099 puerorum
652 3028 781 3097 repente
801 3027 1001 3098 conspectus,
1023 3013 1172 3077 tabellam
1192 3016 1322 3099 eripuit,
1342 3038 1410 3079 suc-

460 3136 567 3179 cessus
600 3113 736 3177 hominis
769 3114 908 3193 firmans,
941 3113 1086 3177 inaudita
1119 3114 1224 3177 forma
1260 3116 1409 3201 prodigii.

462 3215 548 3295 Quid
575 3214 699 3278 multa?
729 3213 799 3301 lupi
823 3214 991 3279 efficaciam
1016 3236 1078 3277 non
1103 3213 1244 3297 negabit,
1264 3216 1412 3300 quisquis

462 3320 679 3383 Romanorum
699 3341 800 3404 genus
821 3319 934 3405 lupino
955 3318 1038 3381 lacte
1057 3337 1121 3378 non
1143 3315 1275 3399 ambigit
1296 3316 1411 3382 educa-

462 3434 541 3486 tum.
588 3420 683 3486 Unde
702 3421 890 3507 plerumque
906 3420 991 3507 quod
1015 3422 1048 3483 in
1069 3417 1114 3481 eis
1133 3416 1259 3481 dulcius
1279 3431 1337 3494 est,
1355 3418 1409 3485 ad-

461 3521 526 3583 huc
540 3520 685 3603 lupinum
702 3543 845 3606 saporem
860 3521 992 3593 retinet;
1008 3517 1169 3604 primique
1184 3539 1293 3581 eorum
1303 3518 1411 3596 fidem,

460 3643 560 3706 quam
582 3643 601 3683 a
623 3632 724 3687 matre
746 3622 843 3706 Lupa
864 3620 1053 3700 didicerant,
1071 3619 1131 3683 sibi
1153 3618 1286 3683 invicem
1309 3642 1414 3684 serva·

463 3733 589 3796 verunt,
612 3720 787 3808 eademque
809 3722 949 3808 quadam
971 3721 1041 3807 lege
1062 3734 1188 3787 naturae
1209 3722 1349 3785 manavit
1371 3721 1412 3785 ud

463 3834 615 3909 posteros.
662 3823 785 3887 Ovibus
806 3836 971 3909 gratanter
996 3824 1123 3887 obviam
1146 3822 1312 3907 gradieris,
1334 3823 1412 3887 dum

463 3946 590 4010 capram
607 3928 699 4001 vites,
714 3926 766 3990 cui
781 3926 926 3990 alludens
941 3943 1038 4011 poeta
1051 3926 1107 4002 ait,
1157 3964 1164 3983 ·

604 4034 745 4087 Occursare
757 4053 842 4108 capro,
855 4051 933 4089 cornu
943 4035 1005 4087 ferit
1015 4035 1070 4099 ille,
1082 4040 1180 4088 caveto.

467 4128 577 4192 Bobus
599 4128 836 4210 triturantibus,
856 4130 1008 4195 libentius
1030 4144 1136 4195 tamen
1159 4130 1334 4205 arantibus,
1357 4130 1414 4193 ob·

466 4228 576 4294 viabis.
622 4234 690 4295 Nec
713 4231 879 4317 displiceat
902 4232 927 4294 si
949 4231 1034 4294 viam
1056 4231 1214 4316 ruperint,
1229 4232 1306 4316 quia
1329 4254 1415 4295 mora

464 4332 585 4397 itineris
601 4333 730 4420 hospitii
744 4338 848 4420 gratia
864 4334 1130 4420 compensabitur.
1171 4334 1285 4398 Mnlns
1299 4333 1416 4400 infaus-
