3425 5367
324 747 394 793 car.
409 732 485 811 run]
683 746 938 796 rotrcnarrous.
1208 736 1271 795 313

325 920 388 981 que
427 901 559 981 gratiam
596 922 748 985 querere,
789 902 941 966 solemnis
980 900 1027 965 illi
1063 901 1271 965 consuetudo.

326 999 417 1062 luter
429 1000 500 1065 haec
516 998 697 1086 eloquentia
711 1016 745 1067 et
769 1004 906 1086 insignis
931 1004 1042 1082 oratio,
1068 1004 1225 1067 acuminis
1239 1014 1273 1066 et

324 1102 460 1167 solertim
474 1104 581 1187 plena,
596 1115 632 1167 ut
644 1126 705 1168 nee
722 1106 846 1168 omatni
873 1104 1019 1181 facilitas,
1042 1125 1103 1168 nec
1128 1104 1274 1168 facilitati

323 1202 521 1268 inventionis
542 1204 668 1270 deesset
690 1217 829 1270 omatus.
876 1206 963 1269 Huic
984 1205 1171 1270 Alexander
1189 1205 1276 1270 filius

327 1305 495 1385 successit,
517 1318 550 1370 et
573 1308 688 1371 virtute
718 1318 751 1371 et
775 1308 864 1371 vitiis
889 1317 979 1391 patre
1004 1308 1114 1392 major.
1161 1310 1277 1393 Itaque

328 1407 477 1471 vincendi
508 1409 589 1474 ratio
625 1411 751 1494 utrique
788 1410 922 1474 diversa.
967 1410 1034 1473 Hic
1067 1420 1185 1495 aperta,
1222 1413 1278 1475 ille

330 1506 451 1571 artibus
465 1509 552 1573 bella
570 1511 736 1575 tractabat.
781 1509 938 1593 Deceptis
959 1509 1014 1574 ille
1029 1511 1164 1593 gaudere
1177 1512 1279 1575 hosti·

329 1607 400 1683 bns,
423 1608 476 1673 hic
498 1612 603 1693 palam
625 1611 715 1675 sinis.
759 1609 952 1675 Prudentior
975 1611 1031 1675 ille
1056 1612 1204 1691 consilio,
1224 1613 1278 1678 hie

331 1709 441 1774 auimo
480 1713 744 1794 magnificentior.
813 1715 899 1777 Iram
943 1722 1033 1798 pater
1070 1712 1281 1794 dissimulare,

332 1812 520 1895 plerumque
545 1814 641 1878 etiam
670 1816 816 1880 vincere:
853 1814 908 1879 hic
934 1815 990 1879 ubi
1012 1816 1195 1893 exarsisset,
1218 1840 1281 1882 nec

332 1910 442 1975 dilatio
461 1915 604 1993 ultionis,
617 1938 678 1981 nec
693 1917 807 1982 modus
827 1928 904 1981 erat.
948 1918 1024 1981 Vini
1038 1918 1134 1981 nimis
1147 1927 1280 2003 uterque

331 2012 455 2087 aridus,
471 2014 529 2077 sed
552 2018 715 2082 ebrietatis
732 2016 860 2083 diversa
878 2018 963 2081 vitia.
1012 2016 1098 2082 Patri
1121 2040 1191 2083 mos
1214 2028 1281 2084 erat

332 2112 430 2177 etiam
454 2114 495 2177 de
520 2118 669 2181 convivio
695 2120 729 2181 in
752 2118 876 2182 hostem
901 2140 1098 2201 procurrere,
1113 2141 1147 2183 se
1163 2128 1280 2185 temere

333 2215 485 2297 periculis
505 2220 626 2282 offerre.
672 2218 855 2282 Alexander
877 2238 944 2281 non
966 2218 1001 2281 in
1026 2218 1145 2299 hostes,
1170 2220 1284 2287 sedin

334 2334 409 2379 suos
431 2318 592 2382 saeviebat
646 2318 861 2390 Quamobrem
887 2337 974 2400 saepe
999 2316 1188 2402 Philippum
1215 2324 1284 2386 vul-

335 2427 480 2481 neratum
512 2419 623 2502 puelia
654 2420 815 2497 remisere,
842 2417 897 2480 hie
932 2417 1108 2482 amicorum
1137 2422 1284 2489 interfec-

336 2528 439 2581 torum
466 2520 613 2583 convivio
639 2520 821 2603 frequenter
842 2518 992 2582 excessit
1038 2519 1186 2602 Regnare
1210 2544 1285 2587 cum

335 2620 446 2683 amicis
468 2621 524 2685 ille
548 2622 686 2701 volebat,
708 2621 763 2685 hie
786 2622 820 2684 in
847 2620 969 2684 amicos
994 2640 1092 2703 regna
1106 2624 1287 2689 exercebat.

336 2721 445 2784 rimari
467 2734 558 2803 pater
585 2722 692 2799 malle,
715 2722 768 2785 hic
796 2721 907 2785 metui.
952 2722 1144 2787 Litterarum
1171 2726 1287 2803 cultus,

337 2824 462 2906 utrique
496 2824 617 2888 similia.
673 2824 817 2888 Solertiar
843 2832 934 2906 pater
957 2824 1097 2908 majoris,
1122 2825 1175 2890 bic
1201 2826 1287 2891 tidei.

337 2926 452 2988 Verbis
476 2934 573 3009 atque
596 2926 740 2989 oratione
766 2926 949 3009 Philippus,
974 2926 1027 2989 hio
1051 2927 1147 2991 rebus
1179 2928 1289 2993 mode·

338 3026 444 3089 ratior.
502 3027 660 3090 Parcendi
684 3027 790 3105 victis,
816 3027 885 3091 filio
908 3028 1034 3091 animus
1057 3030 1234 3113 promptior
1258 3040 1292 3093 et

340 3126 513 3192 honestior.
568 3128 755 3209 Frugalitati
783 3141 884 3213 pater,
910 3129 1047 3193 luxuriae
1073 3128 1159 3193 filius
1188 3130 1291 3212 magis

342 3226 470 3292 deditus
494 3240 571 3293 erat.
623 3229 749 3302 Quibus
772 3228 894 3293 artibus
918 3230 1004 3293 orbis
1027 3230 1152 3313 imperii
1177 3230 1289 3295 funda-

342 3338 450 3391 menta
466 3340 557 3413 pater
564 3327 656 3412 jecit,
670 3328 778 3411 operis
792 3328 873 3393 tanti
887 3329 1020 3411 gloriam
1037 3328 1123 3391 filius
1142 3350 1292 3393 consum·

341 3429 450 3494 mavit.
502 3430 563 3493 hat
582 3430 617 3493 in
641 3449 706 3493 uno
727 3451 793 3495 non
815 3429 913 3493 modo
937 3430 1045 3513 patris,
1067 3430 1126 3493 sed
1151 3431 1293 3495 omnium

341 3532 552 3615 ingenuorum
564 3531 762 3596 transcendit
772 3531 859 3607 vitia,
873 3530 959 3615 quod
970 3532 1294 3598 incontinentissimae

344 3632 404 3695 t'uit
417 3632 557 3710 inridier,
569 3632 652 3697 adeo
667 3642 703 3696 ut
718 3632 814 3696 etiam
824 3632 950 3715 paterni
961 3630 1115 3715 triumphi
1131 3633 1161 3697 ei
1176 3634 1294 3699 lachri-

345 3750 413 3793 mas
437 3740 678 3815 extorquerent,
701 3752 739 3793 ae
766 3731 793 3795 si
819 3730 850 3794 ei
874 3732 973 3795 virtus
996 3741 1130 3815 paterna
1153 3734 1295 3798 omnium

344 3831 554 3913 gerendorum
590 3833 774 3917 praeriperet
811 3832 954 3913 gloriam.
1013 3832 1082 3895 Eos
1113 3833 1210 3895 etiam
1243 3844 1298 3897 aut

345 3932 486 4015 propriis
508 3932 656 3995 manibus
680 3930 904 4007 interficiebat,
922 3938 978 3993 aut
997 3930 1066 4013 rapi
1087 3930 1299 4015 precipiebat

347 4030 389 4097 ad
404 4054 544 4117 poenam,
570 4033 627 4117 qui
649 4040 791 4114 paternae
814 4030 938 4095 virtutis
961 4031 1123 4113 preconia
1145 4031 1300 4117 pradica-

351 4135 437 4197 bant.
495 4136 539 4197 At
577 4133 775 4217 Pythagoras
814 4130 902 4214 apud
945 4128 1162 4217 Philosophus
1205 4144 1301 4199 tantas

349 4234 457 4299 extitit
478 4234 686 4311 auctoritatis,
707 4232 799 4298 atad
815 4232 958 4297 omnium
981 4234 1194 4318 questionum
1216 4234 1301 4299 deci·

348 4337 470 4399 siouem
496 4336 665 4407 mfficeret,
680 4334 707 4397 si
731 4334 764 4397 iu
778 4344 869 4416 parte
895 4332 1074 4399 crederetur
1100 4334 1300 4417 Pythagoras
