3425 5367
324 749 396 795 car.
412 730 489 810 xra]
657 745 910 793 rorrcaarrcns.
1210 733 1270 792 901

324 901 473 963 tenuisse.
518 899 553 963 Si
574 907 679 963 motus
692 921 796 964 rerum
817 899 964 983 praescire
989 901 1163 979 desideras,
1180 902 1274 964 meri·

325 1003 404 1065 toria
419 1001 553 1080 discute,
568 1012 600 1066 et
618 1004 755 1066 lixarum
771 1005 978 1067 castrensium
1001 1005 1126 1088 inquire
1146 1015 1274 1066 senten·

323 1103 394 1165 tias.
418 1103 508 1166 Nihil
522 1104 606 1166 enim
617 1103 699 1166 adeo
714 1105 876 1167 occultum
887 1116 946 1176 est,
958 1105 1046 1189 quod
1056 1106 1101 1168 eis
1112 1125 1152 1168 ex
1165 1106 1275 1189 aliqua

322 1218 411 1288 parte
425 1226 490 1268 non
505 1207 670 1270 reveletur.
714 1206 750 1269 Si
759 1206 836 1268 mihi
851 1227 915 1269 non
932 1207 1047 1286 credis,
1062 1210 1112 1271 vel
1122 1207 1275 1292 Aquinati

323 1318 432 1370 nostro
443 1329 535 1372 aures
550 1306 769 1371 accommoda.
814 1309 870 1371 Ait
885 1310 980 1384 enim,

430 1437 455 1488 0
470 1436 601 1506 Corydon,
615 1436 747 1505 Corydon,
760 1441 889 1488 secretum
900 1437 988 1490 divitis
999 1437 1081 1491 ullum

429 1523 497 1575 Esse
508 1527 585 1594 putas
595 1523 608 1572 i
620 1523 688 1596 aeryi
698 1527 728 1573 ut
738 1526 852 1585 taceant,
861 1521 980 1592 jumenta
990 1521 1135 1592 loquentur,

429 1609 466 1660 lit
478 1609 559 1672 canis,
571 1612 599 1660 et
610 1613 707 1678 postes,
719 1611 746 1658 et
757 1623 898 1658 marmora:
918 1605 1008 1659 claude
1019 1605 1157 1672 fenestras,

432 1694 503 1746 Vela
513 1698 606 1760 tegant
617 1693 703 1757 rimas,
711 1693 797 1764 junge
809 1692 885 1756 ostia,
899 1691 982 1744 tollito
994 1691 1081 1744 lumen

431 1778 455 1830 E
468 1779 564 1842 medio,
577 1783 682 1830 taceant
693 1795 794 1841 omnes,
807 1795 887 1848 prope
899 1794 975 1830 nemo
986 1779 1137 1834 recumbat:

433 1864 511 1927 Quod
521 1869 609 1916 umen
621 1863 654 1914 ad
666 1871 771 1915 cantum
783 1861 846 1930 galli
857 1861 921 1915 facit
933 1862 978 1916 ille
990 1864 1105 1929 secundi,

431 1949 569 2001 Proximus
580 1956 642 2001 ante
654 1948 723 2001 diem
735 1966 816 2019 caupo
828 1949 901 2000 sciet.

325 2072 482 2136 Procedo.
506 2071 541 2134 Si
552 2082 641 2134 terrae
654 2081 811 2134 secretum
824 2093 916 2134 suum
932 2071 1079 2150 infodiat,
1091 2075 1140 2136 rel
1156 2075 1280 2138 arundo

326 2192 532 2236 succrescens
555 2170 618 2234 hoc
641 2170 799 2254 producet
820 2173 854 2233 in
874 2173 1053 2254 publicum,
1077 2186 1109 2237 et
1124 2175 1185 2238 leri
1202 2177 1279 2240 flatu

326 2273 360 2336 in
376 2295 468 2337 auras
483 2273 634 2356 proferet,
647 2273 799 2356 quoniam

591 2402 729 2455 Auriculas
741 2403 808 2454 asini
820 2402 909 2455 Midas
921 2403 1010 2457 habet.

326 2523 1280 2612 PallasquoqneErichtlioniumsuumoccultarenonpotuit,

328 2623 1278 2710 quinipsumjamcognitumcomicisgarrulitaspublicaretz

328 2724 415 2788 unde
424 2725 500 2808 quia
509 2725 606 2787 alieni
617 2725 749 2788 admissi
758 2725 894 2789 delatrix
905 2727 1004 2791 fuitet
1013 2730 1154 2808 conscia,
1163 2731 1279 2794 coloris

330 2824 473 2910 perdidit
495 2836 705 2904 venustatem,
725 2836 758 2889 et
784 2828 977 2908 garrulitatis
1000 2829 1133 2893 incurrit
1160 2842 1280 2894 notam.

329 2927 487 2990 Praeterea
496 2927 656 2991 secretarii
669 2926 812 3005 divitum,
824 2929 915 3012 quasi
933 2929 1061 3014 quidam
1077 2933 1216 2998 tolutarii
1231 2935 1282 2998 vel

329 3030 486 3094 clitellarii
500 3038 585 3110 sunt,
599 3041 631 3093 et
645 3027 699 3112 qui
716 3052 825 3094 eorum
840 3030 966 3096 delictis
978 3045 1167 3098 onerentur:
1191 3036 1281 3119 quic·

329 3131 406 3214 quid
422 3133 464 3194 ab
479 3131 526 3196 eis
540 3129 738 3215 delinquitur
752 3133 786 3196 in
808 3134 940 3198 istorum
956 3135 1119 3200 infamiam
1135 3136 1283 3218 cuditur,

329 3233 393 3296 nisi
414 3231 496 3296 forte
518 3254 557 3296 ea
578 3232 620 3294 sit
643 3232 684 3296 de
706 3244 837 3318 potente
868 3233 988 3318 opinio,
1012 3246 1047 3300 ut
1068 3238 1158 3300 nullo
1179 3239 1282 3322 possit

331 3334 468 3397 consilio
499 3333 674 3417 depravari.
718 3335 754 3398 si
784 3335 870 3398 enim
900 3337 1052 3400 solemnis
1081 3347 1131 3402 est
1160 3338 1283 3402 malitia

330 3435 410 3518 ejus,
424 3436 452 3498 si
467 3434 587 3498 fraudis
607 3446 638 3497 et
652 3434 720 3498 doli
744 3437 873 3517 vulgata
895 3438 1018 3521 opinio,
1041 3440 1138 3502 totius
1154 3440 1283 3504 familiae

329 3537 414 3598 fama
427 3549 591 3620 purgatur,
606 3556 645 3598 ac
665 3537 692 3599 si
707 3536 821 3620 capitis
838 3537 973 3618 languor
986 3537 1213 3602 infirmantium
1229 3539 1284 3602 de·

332 3637 438 3718 nigret
460 3636 601 3700 dolorem
630 3639 774 3702 laterum.
819 3639 972 3722 Alioquin
996 3640 1023 3702 si
1053 3640 1231 3724 benignior,
1255 3641 1282 3705 si

332 3737 456 3802 civilior
477 3736 616 3801 creditur
636 3749 830 3822 potentatus,
853 3741 961 3803 omnia
983 3739 1189 3806 deliramenta
1212 3742 1282 3826 ejus

330 3839 511 3914 familiares,
534 3840 626 3922 quasi
655 3837 823 3916 clitellarii,
847 3840 1040 3924 quibusdam
1070 3843 1210 3905 nominis
1232 3843 1282 3906 sui

331 3940 471 4004 humeris
485 3952 624 4024 portant.
668 3940 732 4005 Sed
748 3951 836 4005 recte
858 3952 1019 4023 gestorum
1034 3942 1081 4005 nil
1095 3943 1157 4005 nisi
1172 3944 1284 4028 benig-

333 4040 436 4118 nitati,
450 4052 506 4104 aut
521 4041 666 4105 civilitati
677 4042 816 4124 potentis
828 4041 1027 4106 adscribitur.
1059 4045 1104 4106 Et
1119 4043 1283 4128 siquando

333 4142 477 4204 calculus
506 4142 632 4222 gravior
659 4143 814 4219 imminet,
844 4144 936 4226 quasi
966 4145 1079 4227 pellem
1103 4164 1162 4226 pro
1191 4147 1285 4228 pelle,

331 4241 470 4304 animam
489 4253 575 4304 tuam
598 4241 688 4306 dabit
709 4243 800 4306 dires
818 4265 875 4327 pro
898 4245 982 4308 sama
1004 4266 1071 4322 suo,
1086 4251 1126 4308 'et
1146 4257 1181 4309 ut
1203 4247 1236 4308 in
1253 4257 1284 4308 te

332 4351 510 4424 retorqueat
522 4343 650 4425 culpam
662 4365 763 4420 suam,
775 4357 871 4427 caput
881 4357 968 4408 tuum
979 4347 1098 4408 moritis
1108 4345 1286 4419 criminum,
