3425 5367
355 723 425 770 ose.
440 709 554 788 xxiia]
724 727 982 775 eocucafflcus.
1248 718 1309 778 lto

354 895 559 959 personarum
568 888 766 962 potentatus,
778 877 832 942 sed
845 901 952 944 rerum
961 879 1103 944 omnium
1116 904 1192 967 quoe
1206 881 1308 946 videri

355 975 405 1038 vel
420 977 552 1061 cogitari
572 993 716 1064 possum,
740 989 882 1065 potestas
902 992 962 1044 est.
1008 981 1094 1045 Hinc
1116 981 1197 1046 illud
1219 982 1307 1046 Salo·

352 1075 473 1140 monis:
499 1079 611 1142 Omnis
626 1092 768 1166 potestas
782 1102 802 1144 a
817 1080 957 1146 Domino
972 1083 1044 1146 Deo
1059 1095 1119 1148 est.
1142 1082 1307 1148 Adversus

352 1174 432 1241 hanc
444 1178 533 1244 nulia
544 1203 595 1244 me
604 1204 747 1265 unquam
760 1182 1097 1268 contumaciaerigam,
1109 1196 1216 1248 certus
1226 1184 1305 1269 quia

351 1278 419 1361 ipsa
433 1279 499 1342 sola
514 1293 575 1355 est,
591 1303 664 1366 quae
679 1293 784 1367 potest
798 1281 936 1346 animam
951 1294 984 1346 et
997 1305 1115 1370 corpus
1128 1284 1255 1349 mittere
1269 1284 1303 1348 iu

348 1377 537 1463 gehennam.

568 1541 649 1627 Cap.
664 1548 716 1607 28.
740 1543 876 1623 Am'ectie
890 1545 966 1606 mcci
981 1545 1093 1609 Stoici.

393 1671 530 1736 Rnsrsr
540 1672 599 1736 tibi
609 1673 692 1739 illius
703 1674 800 1738 Stoici
814 1677 863 1738 tui
872 1673 1020 1761 quaestio,
1032 1695 1129 1760 quem
1137 1673 1171 1736 in
1181 1674 1303 1760 Apulia

346 1770 470 1837 diutius
484 1787 658 1840 morantem
674 1773 753 1851 vidi,
769 1786 805 1840 ut
821 1787 892 1861 post
909 1773 1027 1839 multas
1048 1773 1184 1860 vigilias,
1206 1775 1303 1860 longa

341 1871 478 1958 jejunia,
492 1875 616 1940 labores
629 1873 785 1962 plurimos
799 1890 832 1940 et
847 1875 991 1948 sudores,
1010 1888 1103 1940 tanto
1117 1875 1253 1940 infelicis
1267 1861 1303 1941 et*

346 1971 468 2038 inutilis
482 1973 568 2038 exilii
583 1987 722 2060 quaestu,
738 1976 772 2040 in
796 1975 919 2041 Gallias
940 1976 1066 2060 Virgilii
1089 1999 1160 2040 ossa
1181 1976 1300 2062 potius,

344 2095 441 2160 quam
456 2097 579 2142 sensum
596 2089 784 2163 reportaret.
831 2078 1003 2155 Quaerebat
1014 2077 1097 2141 enim
1109 2077 1299 2142 Ludovicus

342 2174 407 2253 ilie,
422 2199 462 2241 au
478 2201 585 2264 posses
599 2178 720 2266 aliquid
737 2178 841 2243 iacere
855 2202 978 2254 eorum,
998 2202 1074 2266 quae
1088 2177 1217 2242 minime
1232 2177 1298 2243 sac·

341 2288 434 2342 turus
453 2301 496 2344 es.
541 2279 636 2356 Quod
659 2303 760 2366 quum
782 2279 974 2362 admisisses,
995 2279 1082 2345 mille
1102 2280 1161 2344 tibi
1183 2302 1297 2344 aureos

340 2377 502 2456 offerebat,
512 2379 591 2445 dum
606 2381 687 2446 illud
699 2380 848 2448 efficeres.
881 2385 972 2458 Quos
986 2381 1110 2446 siforte
1118 2403 1295 2467 respueres,

339 2501 393 2543 eos
412 2479 472 2544 tibi
495 2481 693 2566 quantalibet
716 2503 839 2546 summa
861 2480 1068 2566 multiplicari
1085 2481 1233 2566 jubebat,
1256 2494 1295 2545 ut

339 2579 428 2665 quod
443 2579 556 2644 leviter
570 2580 638 2644 fleri
653 2593 757 2666 potest
780 2580 906 2645 efficias.
950 2581 1092 2645 Tandem
1114 2580 1296 2667 impudenti

339 2691 371 2744 et
401 2680 563 2767 impudico
585 2681 768 2747 solvebatur
789 2682 956 2760 cachinno,
976 2683 1041 2745 vim
1062 2681 1294 2766 conjunctionis

337 2782 557 2868 oppositorum
582 2804 643 2846 non
673 2782 854 2868 intelligens
881 2794 939 2846 aut
965 2794 1182 2860 contemnens,
1205 2794 1238 2845 et
1261 2794 1294 2845 te

337 2880 509 2946 ridiculum
525 2881 745 2947 assistentibus
768 2881 872 2966 digito
894 2879 1093 2958 ostendebat,
1114 2879 1172 2966 qui
1192 2879 1293 2966 gratis

337 2994 459 3048 tantam
489 2982 656 3069 pecuniam
681 2981 934 3067 contempsisses.
981 2981 1137 3066 congeris
1157 2979 1190 3044 in
1205 2980 1292 3044 huuc

335 3083 465 3148 modum
478 3083 727 3171 quamplurima.
749 3088 823 3150 Non
837 3092 943 3147 tamen
953 3082 1004 3146 his
1013 3080 1151 3147 stimulis
1163 3103 1291 3167 urgeor,

335 3193 372 3250 ut
393 3183 499 3248 omnia
513 3185 686 3248 necessaria
707 3183 832 3248 credam
857 3182 935 3269 qnia
956 3181 1113 3259 sciumnr,
1135 3195 1193 3248 aut
1208 3181 1290 3246 nihil

332 3283 586 3370 contingentium
602 3283 686 3366 sciri,
699 3284 778 3369 quia
788 3285 964 3347 necessaria
977 3304 1041 3346 nou
1056 3293 1142 3347 sunt.
1189 3281 1288 3344 Plane

332 3384 451 3450 sciolus
478 3384 648 3473 paululum
677 3383 758 3450 mihi
787 3406 860 3448 cum
889 3381 1105 3468 peripateticis
1133 3403 1203 3465 proe
1231 3380 1309 3444 illo·

332 3485 453 3564 videor,
482 3488 540 3572 qui
571 3485 670 3572 hujus
699 3481 898 3548 difficultatis
927 3478 1077 3566 angustia
1109 3478 1141 3542 in
1171 3479 1287 3544 Atticis

331 3587 479 3652 noctibus
492 3585 729 3664 confessusest,
745 3608 778 3650 sc
792 3583 911 3648 nescire
926 3604 959 3647 se
974 3603 1036 3645 nou
1051 3603 1118 3648 esse
1132 3579 1284 3645 cicadam.

330 3755 409 3842 Cap.
427 3763 479 3824 st.
506 3755 602 3824 Quod
615 3756 835 3822 mathematici
852 3757 1019 3820 temerarii
1039 3759 1131 3833 sunt,
1151 3750 1283 3839 indiffa-

368 3859 609 3943 resrterfistura
617 3859 744 3940 judicio
757 3877 817 3922 suo
830 3857 984 3936 subjicere
994 3859 1233 3937 presumentes.

370 3991 447 4056 Inna
462 4013 606 4078 quoque,
618 3989 692 4056 licet
703 3988 928 4056 dissentiamus
938 3987 971 4052 in
986 3985 1145 4072 piurimis,
1156 4007 1281 4052 mecum

324 4089 478 4172 fatentur,
508 4114 542 4157 se
563 4093 670 4158 omnia
691 4113 754 4156 uon
783 4089 916 4166 nescire,
942 4110 1016 4154 cum
1045 4085 1166 4175 quibus
1196 4099 1282 4152 astra

323 4190 515 4277 loquuntur,
537 4207 570 4260 et
592 4195 648 4282 qui
671 4193 763 4280 quasi
786 4192 827 4258 de
849 4195 920 4278 ipso
942 4189 1117 4255 coelestium
1141 4189 1212 4253 mnu
1227 4211 1282 4253 ex-

324 4291 456 4360 trahunt
467 4294 644 4362 veritatem.
688 4294 752 4372 uui
764 4315 840 4358 vero
850 4313 961 4356 eorum
973 4289 1193 4355 modestissimi
1205 4301 1280 4353 sunt
