3425 5367
333 726 402 773 css.
420 711 479 790 ua]
687 728 945 776 sonvonmous.
1249 721 1290 779 st

335 881 390 964 qui
405 881 436 944 in
453 881 565 943 avibus
580 880 655 943 coeli
669 879 809 946 ludunt?
846 884 895 945 Ac
917 882 945 945 si
965 870 1064 947 tacita
1085 884 1289 969 subjectione

334 982 525 1064 pronunciet
539 1002 606 1059 eos,
622 1002 755 1065 quorum
771 984 838 1047 vita
852 983 951 1067 jocus
965 994 1024 1063 est,
1038 985 1104 1049 suis
1119 985 1289 1051 evanuisse

333 1104 404 1147 cum
414 1084 536 1162 avibus,
547 1104 667 1167 eosque
679 1084 826 1168 subjecta
836 1086 1103 1167 pronunciatione
1113 1085 1156 1149 ad
1169 1086 1289 1150 inferos

332 1181 537 1246 descendisse
560 1195 797 1249 commemorat.
843 1185 1010 1267 Interroga
1028 1195 1137 1269 patres
1156 1195 1240 1294 tucis,
1255 1198 1288 1253 et

331 1284 573 1349 annunciabunt
583 1284 653 1363 tibi,
664 1285 802 1369 majores
816 1295 900 1362 tuos,
910 1296 943 1350 et
952 1286 1063 1351 dicent
1076 1309 1111 1351 so
1126 1308 1286 1371 nusquam

330 1396 477 1448 sanctum
499 1386 616 1466 legisse
638 1397 829 1450 venatorem.
875 1388 970 1460 Quod
995 1389 1022 1452 si
1043 1386 1168 1452 nomini
1191 1410 1285 1453 vena·

331 1494 434 1548 torum
457 1485 498 1549 de
520 1486 709 1569 prophetica
731 1489 946 1571 promissione
967 1489 1152 1567 blandiaris,
1167 1512 1233 1575 qua
1249 1512 1285 1554 se

332 1596 499 1649 venatores
520 1586 690 1648 missurum
710 1587 873 1649 Dominus
891 1588 1070 1669 pollicetur,
1085 1589 1143 1670 qni
1161 1589 1202 1651 dc
1216 1610 1286 1651 um·

331 1686 435 1750 brosis
450 1699 482 1749 et
496 1686 636 1749 excelsis
651 1696 808 1750 venentur
822 1706 981 1765 erroneos,
991 1686 1174 1751 bestialium
1189 1688 1286 1751 vitam

330 1785 458 1849 noveris
475 1787 643 1871 increpari,
664 1808 728 1851 non
752 1786 970 1853 commendari
992 1788 1174 1851 venantium
1197 1790 1284 1851 vani-

331 1900 438 1953 tatem.
500 1890 572 1952 Nec
602 1899 634 1953 te
664 1888 829 1967 Placidus,
859 1890 908 1951 vel
937 1889 1137 1952 Eustachius
1167 1900 1287 1973 martyr

331 1991 460 2075 quidem
479 1991 627 2073 insignis,
641 2012 737 2074 quem
757 1982 799 2055 de
820 1990 886 2074 pia,
907 2012 973 2054 non
996 2001 1105 2055 minen
1128 1991 1285 2057 canonica

331 2091 489 2175 scriptura
503 2100 668 2153 venantem
685 2090 800 2154 asseris
814 2110 834 2153 a
849 2090 992 2154 Domino
1001 2090 1177 2171 visitatum,
1188 2092 1285 2155 nimis

330 2190 519 2269 demulceat,
533 2191 596 2255 nisi
611 2192 690 2255 forte
707 2202 971 2275 persequutorum
986 2193 1147 2257 Ecclesiae
1163 2193 1283 2257 rabiem

328 2291 453 2369 laudas,
476 2313 516 2357 eo
542 2291 629 2375 quod
658 2291 732 2354 inde
764 2290 804 2353 ad
831 2292 1048 2373 apostolatum
1077 2303 1211 2356 vocatus
1234 2303 1284 2357 est

329 2393 459 2471 Paulus,
467 2402 500 2455 et
514 2393 596 2455 inter
606 2392 686 2456 alios
696 2391 799 2457 factus
810 2400 860 2455 est
871 2391 1019 2473 egregius
1029 2391 1188 2475 evangelii
1201 2415 1283 2477 prae·

329 2492 461 2558 dicator.
507 2492 571 2558 Sed
595 2493 712 2557 suerint
738 2493 795 2555 viri
816 2492 966 2568 illustres,
989 2493 1167 2559 Alexandri
1190 2495 1281 2573 forte,

331 2596 382 2657 vel
397 2596 551 2669 Caesares,
568 2594 696 2657 venatui
711 2593 832 2670 dediti;
854 2593 1003 2676 nunquid
1017 2594 1214 2677 philosophi,
1228 2604 1284 2658 aut

330 2696 430 2781 aliqui
446 2696 608 2778 sapientes
622 2690 656 2755 in
671 2691 811 2776 populo?
840 2693 999 2776 Nunquid
1010 2695 1170 2772 Socrates,
1179 2695 1283 2772 Plato,

330 2795 530 2870 Aristoteles,
546 2792 680 2868 Seneca,
695 2791 847 2868 Soranus,
859 2800 914 2852 aut
923 2791 1089 2873 quitotius
1102 2812 1168 2853 non
1182 2792 1282 2867 urbis,

331 2894 389 2957 sed
413 2893 500 2957 orbis
521 2890 690 2955 evacuavit
710 2890 875 2967 miracula,
896 2891 1040 2954 omnium
1061 2892 1096 2954 in
1122 2914 1156 2957 se
1182 2891 1282 2957 admi·

328 2996 484 3059 rationem
499 2992 656 3077 sapientia
666 3002 700 3056 et
711 2992 825 3055 virtute
836 3003 1038 3071 convertens,
1048 2992 1209 3078 Archytas
1218 2994 1281 3060 Ta·

328 3091 492 3159 rentinus?
531 3095 577 3158 Ut
598 3092 765 3157 redeamus
787 3092 828 3156 ad
850 3103 987 3172 nostros,
1009 3093 1066 3177 qui
1090 3103 1125 3159 et
1150 3096 1280 3160 veritate

327 3198 493 3275 doctrinas,
510 3196 634 3259 virtutis
655 3196 818 3279 exemplo,
836 3206 870 3258 ct
889 3194 967 3257 fidei
988 3196 1176 3261 auctoritate
1198 3219 1281 3281 prae·

328 3301 459 3376 eellunt,
484 3318 566 3381 quos
595 3297 799 3377 augustinos,
825 3296 1054 3377 Hieronymos,
1079 3298 1281 3374 Laurentios,

329 3400 524 3477 Vincentius,
541 3418 621 3483 quos
642 3396 782 3480 denique
804 3395 845 3459 de
868 3405 935 3459 toto
958 3406 1046 3458 cortu
1062 3406 1188 3479 patrum
1203 3418 1278 3459 rex·

326 3501 445 3565 ationis
473 3498 569 3583 hujus
593 3498 722 3579 ag‘tavit
745 3493 896 3561 insania?
935 3496 1124 3559 Nostrorum
1151 3516 1280 3580 quoque

326 3614 505 3685 temporum
531 3599 686 3663 luctuosis
708 3598 893 3663 instruimur
913 3598 1084 3681 exemplis,
1106 3596 1147 3661 ab
1169 3597 1280 3681 hujus·

327 3698 414 3763 modi
429 3696 652 3783 inquietudine
672 3704 857 3778 temperare,
873 3716 974 3779 quum
989 3716 1138 3779 proceres
1153 3707 1279 3761 nostros

326 3802 410 3865 inter
429 3796 610 3865 venandum
629 3796 711 3859 veris
733 3796 890 3879 variisque
908 3797 1080 3874 miraculis,
1100 3796 1280 3877 indignatio

328 3902 439 3965 divina
451 3898 655 3984 percusserit,
669 3897 901 3985 besdalemque
920 3918 1007 3981 soepe
1025 3896 1207 3960 invenerint
1222 3918 1279 3961 ex·

325 4004 406 4067 itum
418 4003 503 4079 vitae,
511 3999 568 4083 qui
578 3999 654 4063 dum
665 3997 759 4061 licuit
767 3997 941 4062 bestialiter
950 3998 1105 4062 vixerant.
1135 3997 1280 4079 Regibus

327 4124 455 4189 quoque
478 4102 559 4186 ipsis
573 4120 688 4165 manus
710 4099 843 4163 Domini
858 4119 924 4163 nou
946 4098 1102 4183 pepercit,
1116 4110 1149 4161 et
1163 4098 1197 4160 iu
1212 4118 1278 4162 ma·

325 4204 426 4267 litiarn
449 4222 559 4269 eorum
586 4198 781 4282 condignam
806 4210 839 4262 et
865 4199 1035 4281 gloriosam
1060 4198 1206 4262 exercuit
1230 4196 1279 4259 nl·

326 4304 454 4369 tionem.
501 4305 576 4367 Non
599 4301 749 4385 equidem
774 4322 883 4365 comm
903 4301 1044 4377 nomina,
1060 4300 1111 4363 vel
1130 4297 1280 4377 exempla
