3425 5367
417 671 479 730 184
674 683 811 729 somnis
826 681 1112 728 sanasunnmusrs
1225 661 1306 740 [um.
1323 680 1375 726 ιιι.
1430 685 1434 692 ·

415 834 602 898 admittatur
614 839 780 912 exclusus,
795 838 847 900 rel
862 837 1026 898 emittatur
1039 835 1196 909 inclusus,
1214 833 1293 896 dum
1307 853 1375 896 car·

415 936 466 998 nis
486 937 568 1016 gerit
588 938 711 1000 luteum
739 935 976 1000 indumentum.
1019 937 1105 997 Eam
1135 935 1258 1018 quippe
1287 943 1376 996 tanta

416 1034 591 1098 subtilitate
605 1056 741 1098 necesse
752 1047 803 1098 est
813 1036 901 1114 exui,
913 1047 951 1098 ut
959 1057 1017 1119 per
1027 1032 1265 1120 sommenaeus
1273 1033 1375 1116 possit

417 1137 487 1198 sine
502 1139 592 1200 omni
607 1137 770 1202 attritione
784 1139 921 1201 transiri.
967 1137 1121 1221 Alioquin
1141 1137 1265 1218 integer
1278 1155 1373 1198 nemo

418 1237 593 1319 egreditur3
614 1240 696 1303 sorte
705 1239 792 1316 ideo,
801 1241 879 1321 quia
888 1261 1043 1323 capacem
1053 1241 1138 1301 hanc
1150 1239 1282 1301 eream“
1291 1237 1374 1318 Styx

417 1339 532 1402 novies
545 1339 702 1403 interfusa
719 1342 877 1404 coercet”
921 1340 1010 1418 Vidi,
1025 1341 1133 1425 inquit
1148 1339 1375 1415 Ecclesiastes,

420 1453 539 1504 cuncta
568 1443 629 1504 sub
651 1443 732 1517 sole,
759 1455 794 1505 et
814 1465 893 1507 ecce
915 1444 1022 1506 statim
1045 1443 1153 1505 omnia
1181 1443 1316 1518 vanitas,
1336 1463 1374 1504 co

423 1539 511 1621 quod
531 1541 649 1618 omnia,
671 1563 744 1624 quae
767 1563 787 1605 a
808 1541 913 1604 solido
936 1543 1078 1604 veritatis
1100 1551 1184 1604 statu
1213 1538 1375 1616 recedant,

422 1640 566 1718 vanitati,
588 1662 660 1725 quae
685 1655 826 1706 nostram
857 1642 1060 1706 Comoediam
1084 1643 1208 1720 deceat,
1233 1642 1378 1726 subjecta

422 1749 508 1803 sunt.
553 1741 696 1804 Vanitati
706 1742 793 1804 enim
804 1743 949 1825 subjecta
959 1754 1010 1804 est
1020 1751 1163 1806 creatura
1172 1765 1238 1805 non
1256 1745 1375 1805 volens.

422 1842 517 1906 Licet
530 1843 616 1905 enim
631 1865 744 1905 novem
759 1844 903 1918 orbibus,
925 1843 993 1906 sive
1008 1844 1114 1926 globis
1128 1844 1237 1925 potius
1252 1843 1376 1907 sedium

422 1953 600 2006 nostrarum
623 1943 779 2006 habitatio
800 1955 869 2007 tota
897 1942 1073 2022 claudatur,
1095 1945 1246 2008 omuibus
1270 1956 1376 2008 tamen

425 2045 619 2130 quandoque
642 2044 871 2124 egrediendum
892 2059 950 2123 est,
968 2067 1144 2130 omnesque
1167 2046 1298 2110 Charon
1320 2048 1375 2109 ille

423 2147 633 2210 inexorabilis
648 2155 771 2208 vetusta
784 2147 836 2209 sui
850 2148 1003 2231 temporis
1016 2170 1099 2212 nave
1108 2149 1254 2233 trajiciet.
1299 2150 1376 2212 Om-

423 2250 520 2313 nibus
540 2269 669 2332 quoque
691 2247 866 2312 succedent
887 2249 953 2324 alii,
974 2259 1007 2312 et
1029 2250 1076 2313 sic
1099 2251 1259 2312 transiens
1279 2251 1377 2314 homo

424 2361 534 2415 manet
554 2352 589 2414 in
612 2349 733 2434 specie,
756 2351 1027 2434 quemadmodum
1050 2373 1134 2435 aqua
1155 2363 1378 2436 praetereunte,

424 2465 520 2518 notus
534 2454 638 2516 amnis
652 2462 761 2514 manet
773 2452 808 2514 in
823 2453 964 2514 flumine.
1009 2453 1077 2516 Ubi
1089 2466 1173 2529 suut,
1188 2455 1304 2538 inquit,
1319 2455 1377 2517 viri

425 2567 585 2641 potentes,
601 2557 642 2618 ab
657 2553 750 2616 iuitio
765 2554 904 2617 scientes
922 2555 1054 2634 bellum,
1069 2566 1124 2618 aut
1139 2556 1196 2639 qui
1211 2557 1244 2618 in
1265 2557 1378 2619 avibus

427 2659 500 2723 coeli
513 2656 640 2735 ludunt,
658 2666 691 2718 et
704 2655 921 2720 thesaurizant
939 2657 1002 2720 sibi
1016 2678 1139 2736 aurum,
1157 2658 1193 2720 in
1213 2679 1277 2741 quo
1298 2677 1376 2721 eon-

425 2759 531 2823 fidunt
543 2760 702 2835 homines,
710 2757 883 2841 jungentes
892 2780 1004 2839 agrum
1018 2781 1103 2842 agro,
1112 2758 1243 2822 domum
1255 2759 1377 2836 domui,

427 2884 529 2946 usque
552 2863 594 2926 ad
610 2861 761 2924 terminos
781 2863 857 2939 loci,
872 2872 905 2924 et
919 2884 986 2924 non
1000 2874 1049 2926 est
1070 2862 1144 2926 finis
1166 2863 1377 2946 possessionis

429 2985 548 3027 eorum.
593 2963 773 3045 Statimque
789 2963 937 3046 subjecit,
952 2963 1040 3047 quod
1061 2986 1123 3027 usu
1138 2974 1170 3027 et
1192 2964 1376 3028 assiduitate

421 3066 493 3149 jam
514 3064 662 3125 omnibus
683 3083 870 3144 persuasum
892 3075 960 3127 est:
985 3065 1019 3126 hi
1041 3065 1083 3128 ad
1105 3067 1222 3129 inferos
1244 3066 1377 3129 descen·

428 3165 553 3239 derunt,
570 3163 665 3226 etalii
676 3163 709 3225 in
723 3164 830 3227 locum
841 3165 967 3228 illorum
977 3177 1207 3230 successerunt.
1252 3169 1375 3230 Verun-

428 3278 538 3331 tamen
548 3267 630 3330 bene
646 3286 719 3329 cum
729 3265 967 3348 egredientibus
982 3268 1096 3349 agitur,
1107 3267 1161 3349 qui
1177 3287 1240 3328 non
1257 3269 1298 3328 ab
1314 3269 1377 3331 hoc

428 3369 563 3431 fortunae
584 3365 663 3430 ludo
678 3367 916 3444 transferuntur,
935 3366 1085 3450 ejiciendi
1108 3367 1141 3425 in
1157 3366 1306 3430 tenebras
1321 3389 1378 3431 ex-

430 3472 572 3545 teriores,
594 3471 649 3532 ubi
672 3470 730 3532 erit
751 3471 844 3530 fletus
859 3481 891 3530 et
913 3466 1029 3530 stridor
1042 3467 1197 3543 dentium,
1219 3473 1320 3553 etqui
1335 3473 1375 3534 ab

429 3571 519 3652 aquis
532 3570 663 3647 nivium,
686 3591 766 3652 quas
780 3580 910 3632 sanctus
928 3569 991 3632 Job
1012 3580 1249 3650 commemorat,
1269 3573 1311 3637 ad
1327 3597 1379 3639 ea-

415 3674 531 3734 .lorem
560 3670 692 3732 nimium
719 3669 849 3732 minime
879 3678 1053 3734 transeunt.
1099 3674 1190 3736 Bene
1213 3696 1288 3738 cum
1316 3677 1380 3740 illis

431 3768 546 3849 agitur,
566 3766 621 3850 qui
641 3787 717 3829 suos
737 3777 928 3849 exspectant
946 3768 1087 3850 Elysios,
1108 3791 1189 3853 quos
1211 3773 1382 3855 praesentia

431 3893 489 3935 sua
498 3869 633 3952 justitiae
653 3870 699 3932 sol
724 3890 814 3932 verus
834 3869 979 3934 illustrat.
1026 3871 1091 3935 sed
1113 3873 1191 3956 quid
1214 3886 1273 3950 est,
1294 3876 1381 3959 quod

431 3972 560 4055 Elysios
589 3992 721 4053 campos
743 3993 762 4033 a
782 3973 986 4036 mutabilium
1014 3997 1119 4037 rerum
1148 3977 1248 4059 septis
1276 3979 1387 4067 verbis,

431 4071 595 4136 excludo?
627 4073 722 4136 Certe
744 4094 802 4154 pro
825 4087 914 4157 parte
936 4077 1053 4139 inclusi
1075 4089 1159 4155 sunt,
1181 4089 1327 4160 patentes
1349 4081 1383 4142 iu

429 4171 597 4238 latitudine
612 4175 764 4237 bonarum
776 4176 930 4238 mentium
942 4201 951 4254 ;
975 4178 1216 4260 quibusapatre
1228 4180 1382 4243 luminum

435 4276 543 4343 datum
559 4284 618 4352 est,
634 4276 715 4338 utin
728 4277 839 4339 notitia
855 4287 887 4340 et
896 4298 1000 4341 amore
1016 4280 1105 4356 boni,
1120 4289 1186 4342 toto
1202 4281 1252 4343 sui
1262 4281 1382 4362 agitatu
