3425 5367
461 725 523 785 276
707 737 843 781 mannis
861 736 1140 782 saansaanrnnsm
1288 720 1369 800 [nm.
1386 738 1417 785 v.
1444 754 1450 769 .

460 888 633 953 mulatione
648 888 801 974 neglecta,
811 888 1012 953 commissum
1030 888 1172 974 quinque
1183 887 1335 954 librarum
1349 888 1418 953 auri

459 989 718 1054 condemnatione
733 991 902 1075 plectatur.
948 990 1029 1065 Quae
1044 1012 1120 1052 vcro
1139 988 1307 1075 privilegia
1322 991 1418 1055 eccle-

460 1091 577 1155 siarum
589 1089 795 1176 locorumque
807 1089 1045 1167 venerabilium,
1056 1102 1087 1154 et
1101 1090 1317 1155 ministrorum
1332 1106 1419 1171 sunt,

462 1192 571 1256 divino
585 1192 667 1255 fiunt
683 1204 715 1256 et
731 1192 872 1257 humano
889 1192 964 1277 jure
980 1191 1153 1268 notissima,
1170 1215 1270 1277 quum
1286 1192 1336 1255 vel
1357 1216 1416 1257 usu

456 1294 524 1379 jam
553 1292 685 1379 liqueat,
715 1293 802 1379 quod
833 1315 896 1356 non
926 1305 1060 1379 possunt
1090 1292 1148 1357 nisi
1179 1292 1266 1379 apud
1292 1293 1418 1380 judices

460 1390 685 1457 ecclesiasticos
700 1392 878 1467 conveniri;
900 1403 932 1455 et
949 1391 1060 1477 siquis
1074 1391 1105 1455 in
1123 1392 1263 1478 aliquem
1278 1393 1319 1457 de
1334 1393 1417 1458 clero

460 1492 616 1556 violentas
631 1514 743 1556 manus
757 1492 911 1577 injecerit,
927 1492 1128 1556 anathemate
1144 1493 1289 1571 feriatur,
1305 1507 1342 1559 ut
1359 1494 1418 1558 nisi

460 1616 518 1679 per
532 1596 713 1657 Romanum
729 1592 916 1657 Pontificem
933 1593 1057 1658 absolvi
1072 1617 1134 1658 non
1151 1595 1261 1681 possit.
1307 1598 1417 1683 Hujus

460 1695 601 1759 criminis
626 1694 701 1759 alibi
725 1695 845 1759 frustra
871 1696 1029 1781 quaeritur
1053 1695 1155 1773 venia,
1179 1697 1239 1761 nisi
1264 1697 1417 1763 articulus

460 1798 572 1861 mortis
591 1796 674 1860 forte
693 1796 867 1875 immineat,
884 1797 960 1882 quia
982 1819 1039 1861 nec
1061 1821 1118 1883 per
1133 1800 1198 1863 vim
1219 1800 1416 1885 extorqueri,

459 1920 517 1962 nec
532 1898 649 1983 surripi
669 1910 774 1985 potest
797 1920 854 1984 per
868 1898 1027 1963 fraudem.
1074 1902 1212 1964 Auctore
1236 1900 1415 1965 Claudiano

462 1998 663 2063 Theodosius
678 2000 735 2075 ait,

808 2118 871 2170 Non
883 2117 1048 2186 extorquebis
1061 2120 1156 2183 amari3

566 2201 625 2255 Hoc
636 2202 736 2255 alterna
747 2202 822 2267 fides,
834 2203 884 2256 boc
895 2203 1007 2274 simplex
1019 2206 1105 2271 gratia
1116 2205 1205 2257 donat.

459 2305 675 2371 Nihilominus
692 2329 802 2370 verum
817 2320 879 2387 est,
895 2308 1044 2393 quianon
1062 2309 1268 2395 extorquebis
1282 2308 1414 2389 absolvi,

458 2407 546 2493 quod
563 2407 629 2471 sola
643 2408 791 2472 contritio
806 2407 921 2484 cordis,
933 2409 1088 2472 confessio
1103 2409 1177 2489 oris,
1193 2422 1223 2474 et
1241 2409 1413 2475 satisfactio

459 2510 564 2595 operis
583 2523 814 2596 promerentur.
859 2511 985 2596 Utique
1006 2534 1068 2574 non
1085 2511 1143 2591 vis,
1160 2512 1214 2575 sed
1229 2511 1334 2596 gratia
1349 2510 1416 2576 sola

453 2612 610 2697 justificat
624 2613 768 2699 impium,
779 2625 811 2676 et
826 2612 916 2675 fraus
932 2612 1090 2697 peccatori
1105 2634 1168 2676 non
1184 2614 1326 2697 prodest,
1337 2612 1413 2697 quia

460 2713 600 2799 Spiritus
616 2727 746 2778 sanctus
759 2713 937 2799 disciplinae
953 2713 1066 2798 effugit
1081 2714 1204 2789 fictum,
1216 2736 1274 2778 nec
1289 2714 1412 2778 habitat

458 2816 491 2879 in
507 2840 638 2903 corpore
653 2816 783 2881 subdito
798 2814 945 2903 peccatis.
992 2815 1082 2880 Alibi
1101 2839 1150 2879 me
1166 2816 1284 2880 dixisse
1299 2816 1414 2892 recolo,

459 2918 544 3002 quia,
567 2931 647 2982 teste
670 2941 786 3004 magno
809 2930 902 3003 patre
925 2917 1125 3001 Augustino,
1153 2917 1303 2981 simulata
1324 2918 1414 2980 inno-

458 3019 562 3082 centia
587 3042 649 3082 non
673 3032 720 3083 est
742 3019 930 3099 innocentia,
953 3018 1008 3081 sed
1035 3018 1156 3104 duplex
1183 3018 1316 3099 malitia,
1337 3018 1414 3104 quia

460 3128 493 3179 et
507 3117 629 3183 malitia
642 3132 702 3195 est,
714 3132 746 3182 et
758 3118 930 3183 simulatio.
959 3120 1111 3203 AEquitas
1122 3142 1253 3205 quoque
1268 3118 1415 3183 simulata

458 3229 585 3280 nonest
606 3216 751 3303 aequitas,
766 3216 821 3279 sed
842 3215 963 3301 duplex
985 3215 1149 3300 iniquitas,
1165 3216 1242 3300 quia
1261 3214 1413 3298 iniquitas

459 3330 508 3384 est
523 3332 555 3383 et
570 3317 739 3382 simulatio.
786 3317 882 3381 Unde
904 3316 1114 3380 immoderato
1136 3329 1265 3401 stupore
1282 3316 1414 3379 consun-

459 3420 529 3499 dor,
539 3443 642 3506 quum
652 3420 908 3505 frequentissime
924 3418 1060 3495 videam,
1072 3418 1175 3481 nescio
1187 3416 1294 3481 fideles
1309 3438 1348 3479 an
1364 3416 1413 3479 in-

458 3521 567 3585 fideles
589 3522 703 3597 dicam,
727 3522 759 3583 in
786 3520 950 3604 sacrilegio
974 3519 1161 3605 hujusmodi
1187 3517 1411 3603 deprehensos,

457 3620 499 3683 ad
515 3620 574 3683 boc
590 3620 665 3684 totis
676 3620 798 3683 viribus
812 3619 970 3695 anhelare,
982 3632 1019 3683 ut
1035 3632 1067 3684 et
1084 3619 1176 3683 minis
1192 3632 1223 3683 et
1240 3618 1413 3684 terroribus

458 3734 592 3806 urgeant
602 3719 779 3785 sacerdotes
788 3718 827 3783 ad
840 3717 1069 3782 absolutionem
1081 3719 1306 3805 praestandam,
1316 3742 1411 3805 quam

456 3845 514 3886 nec
535 3822 587 3887 isti
609 3821 745 3886 fideliter
760 3822 846 3896 dare,
863 3842 920 3883 nec
943 3819 989 3883 illi
1011 3820 1044 3883 in
1067 3822 1267 3885 contumacia
1287 3819 1412 3884 utiliter

455 3924 597 4008 accipere
626 3935 769 4007 possunt.
825 3922 906 3986 Sane
930 3920 1055 3985 facilius
1086 3936 1133 3985 est
1163 3933 1337 4004 utrumque
1363 3921 1411 3983 in-

455 4022 551 4098 volvi,
563 4045 660 4107 quam
676 4022 809 4086 alterum
826 4025 960 4086 istorum
977 4022 1131 4107 expediri.
1172 4022 1288 4088 Utrius
1305 4033 1410 4085 tamen

454 4121 549 4205 culpa
571 4122 612 4186 sit
634 4123 774 4205 gravior,
797 4146 860 4187 non
884 4120 976 4185 facile
1001 4121 1145 4187 dixerim.
1191 4126 1274 4187 Haec
1301 4121 1341 4185 de
1364 4121 1412 4183 his

452 4245 526 4308 quae
540 4221 573 4284 in
589 4222 718 4307 politica
738 4224 966 4290 constitutione
986 4221 1163 4305 Plutarchi,
1179 4224 1278 4289 vicem
1295 4226 1410 4287 animae

451 4323 608 4389 obtinent.
