3425 5367
301 764 370 810 car.
387 745 472 826 xxn]
679 761 931 808 ronrcusmcus.
1191 748 1253 811 lus

298 913 459 990 futurum,
471 913 528 977 etsi
544 912 685 998 plerique
701 936 763 978 non
779 914 933 1000 recipiant
943 913 1034 978 illum
1050 937 1142 1000 posse
1156 916 1248 993 scire,

300 1027 358 1078 aut
380 1036 440 1077 non
464 1037 553 1100 posse
576 1019 656 1079 scire
677 1017 739 1079 hoc
760 1038 827 1078 esse
848 1013 1007 1091 futurum,
1030 1038 1070 1079 ne
1092 1017 1120 1080 ei
1147 1032 1252 1082 muta·

302 1115 433 1181 bilitatis
448 1116 497 1179 vel
507 1117 702 1202 impotentiae
715 1131 820 1182 notum
836 1118 963 1181 inurere
980 1118 1155 1184 rideantur.
1186 1121 1250 1185 Sed

302 1231 369 1283 esto
383 1233 419 1283 ut
436 1222 537 1296 Deus,
553 1219 703 1305 quoniam
723 1220 782 1283 boc
797 1219 942 1305 plerique
957 1221 1127 1306 recipiunt,
1142 1221 1254 1307 possit,

302 1319 379 1383 dum
396 1335 501 1384 tamen
518 1320 542 1382 si
558 1319 626 1382 fieri
648 1334 752 1405 potest
772 1321 940 1404 positione,
955 1336 1011 1385 aut
1031 1323 1252 1408 conjunctione

302 1444 365 1485 non
382 1443 503 1506 pecces,
518 1420 597 1483 scire
613 1421 698 1506 quod
715 1443 776 1484 uon
798 1422 868 1497 scit,
883 1445 946 1485 non
966 1424 1008 1487 ob
1023 1425 1082 1487 hoc
1097 1447 1169 1488 eum
1185 1448 1252 1488 esse

303 1522 489 1585 mutabilem
506 1522 580 1606 quis
597 1521 767 1598 convincit,
780 1521 874 1606 cujus
889 1523 1030 1585 scientiae
1044 1545 1106 1586 non
1127 1523 1251 1588 decedit

303 1622 425 1709 aliquid
441 1619 492 1685 vel
506 1622 639 1700 accedit,
654 1644 754 1707 quum
771 1620 849 1685 illud
860 1620 961 1683 solum
977 1624 1009 1684 in
1022 1645 1127 1685 rerum
1139 1637 1255 1688 natura
1305 1683 1309 1688 ,

307 1745 417 1788 verum
440 1745 506 1787 esse
526 1725 701 1806 contingat,
718 1721 802 1808 quod
826 1721 881 1784 ille
899 1721 942 1785 ab
961 1721 1052 1786 initio
1073 1723 1256 1789 stabilitatis

305 1849 372 1890 suae
397 1839 518 1912 puncto
547 1823 695 1910 praefixit.
750 1827 837 1888 Dum
866 1837 972 1888 taruen
1002 1825 1062 1888 boc
1091 1826 1255 1911 recipitur,

304 1928 500 1992 exactissima
522 1926 687 2011 diligentia
709 1925 953 2012 praecavendum
973 1940 1032 2005 est,
1049 1950 1088 1990 ne
1108 1929 1257 2013 cognatio

304 2029 470 2093 modorum
491 2028 579 2108 verbi
595 2051 688 2112 quam
715 2027 908 2113 Apollonius
928 2027 1066 2107 inducit,
1080 2030 1255 2114 quicquam

305 2129 445 2216 perfidiae
475 2131 599 2213 ingerat
624 2141 680 2192 aut
710 2127 869 2192 falsitatis.
917 2132 1000 2193 Hrec
1027 2133 1097 2214 ipsa
1125 2153 1255 2216 quoque

306 2231 497 2318 possibilitas
522 2229 695 2309 eveniendi,
721 2252 782 2294 non
813 2230 937 2296 levitati
966 2231 1079 2317 ipsius,
1105 2233 1163 2318 qui
1191 2255 1254 2296 non

308 2346 461 2408 moretur,
486 2332 539 2396 sed
567 2355 672 2396 rerum
695 2331 851 2408 facilitati,
876 2357 951 2418 quae
976 2349 1092 2398 natura
1117 2358 1181 2400 non
1207 2335 1254 2398 in-

307 2433 456 2518 dignante
486 2435 605 2498 moveri
629 2449 776 2518 possunt,
803 2435 1026 2500 convenienter
1052 2434 1254 2502 adscribitur.

306 2538 417 2599 Manet
436 2535 545 2620 itaque
565 2557 794 2619 usquequaque
816 2535 987 2598 immobilis
1008 2538 1175 2621 integritas
1196 2537 1255 2601 sci·

308 2637 402 2700 eutioe
417 2635 489 2716 Dei,
504 2649 536 2700 et
557 2636 582 2698 si
604 2635 682 2720 quid
705 2634 866 2699 varietatis
885 2635 980 2699 alicui
1000 2638 1093 2712 inest,
1109 2660 1171 2700 non
1192 2651 1257 2702 tam

308 2737 434 2804 scientis
448 2759 545 2824 quam
569 2736 719 2802 scitorum
742 2737 940 2800 mutabilitas
960 2750 1017 2801 est.
1062 2739 1154 2803 Licet
1175 2741 1258 2803 enim

308 2861 383 2925 quoe
413 2837 542 2901 scientia
569 2835 631 2900 Dei
660 2837 895 2921 complectitur,
920 2837 1127 2902 mutabilitati
1153 2839 1261 2927 subja-

308 2953 411 3018 ceant,
433 2939 501 3024 ipsa
524 2951 627 3002 tamen
650 2936 845 3002 alterationis
869 2937 952 3001 vices
977 2939 1115 3024 ignorat,
1136 2955 1168 3006 et
1195 2964 1260 3006 uno

309 3041 463 3127 singulari
479 3054 608 3126 aspectu
623 3054 654 3105 et
674 3039 852 3120 individuo,
867 3040 1009 3104 omnium
1026 3065 1099 3127 quoe
1113 3042 1187 3118 dici,
1203 3058 1260 3109 aut

308 3165 502 3230 quocunque
531 3164 624 3206 sensu
648 3142 995 3229 excogitariupossunt,
1022 3144 1259 3210 universitatem

308 3243 442 3323 claudit,
462 3259 494 3310 et
515 3245 673 3309 continet:
705 3245 785 3308 adeo
805 3244 934 3330 quidem
958 3245 1024 3309 sine
1045 3261 1133 3312 motu
1157 3267 1193 3313 ut
1217 3249 1261 3312 lo-

309 3347 387 3412 calia
410 3350 476 3412 sine
500 3346 579 3424 loco,
598 3346 758 3410 nascentia
781 3346 847 3410 sine
868 3346 969 3426 initio,
989 3347 1174 3412 decedentia
1195 3351 1261 3413 sine

308 3449 380 3526 line,
396 3448 585 3514 fluctuantia
601 3447 668 3514 sine
691 3446 891 3523 alteratione,
907 3447 1095 3532 temporalia
1110 3450 1176 3513 sine
1190 3472 1260 3514 mu-

312 3551 479 3625 tabilitate,
495 3563 527 3615 et
547 3573 645 3625 mora,
662 3549 705 3613 sic
729 3548 932 3613 uniformiter
950 3550 1203 3636 comprehendit,
1223 3566 1261 3617 ut

310 3649 340 3714 ei
368 3673 427 3716 nec
457 3651 621 3738 praeterita
651 3663 825 3727 transeant,
851 3673 909 3714 nec
939 3650 1051 3715 futura
1080 3653 1261 3719 succedant.

312 3751 380 3816 Nec
400 3751 515 3815 mirum
538 3751 597 3815 lroc
620 3751 651 3814 in
671 3753 859 3818 aternitatis
879 3765 979 3830 statu,
995 3753 1054 3818 nisi
1078 3755 1153 3840 quia
1172 3757 1261 3841 quic·

311 3853 388 3940 quid
404 3855 450 3918 ibi
466 3867 524 3929 est,
541 3853 684 3918 mirabile
692 3865 751 3934 est,
761 3877 864 3940 quum
873 3868 905 3918 et
915 3854 946 3918 in
957 3856 1050 3919 nobis
1060 3855 1263 3920 mutabilium

311 3969 432 4020 motum
449 3967 481 4020 et
496 3953 715 4019 festinantium
738 3975 867 4018 cursum
886 3953 1085 4040 aliquatenus
1100 3954 1265 4040 quiescens

312 4043 556 4142 comprehendat
591 4069 747 4142 aspectus.
809 4056 996 4121 Intellectus
1030 4079 1161 4144 quoque
1196 4079 1264 4121 rem

312 4179 456 4242 magnam
487 4157 554 4224 sine
583 4157 785 4232 distensione,
812 4170 843 4222 et
875 4157 941 4222 sine
969 4159 1184 4223 contractione
1214 4159 1264 4223 sui

313 4279 378 4320 rem
401 4259 555 4323 modicam
578 4259 823 4346 contemplatur,
845 4281 903 4322 nec
924 4259 993 4324 loco
1014 4260 1136 4345 indiget
1160 4272 1198 4324 ut
1219 4264 1266 4324 lo-

313 4356 394 4424 calia
415 4357 556 4438 claudat,
577 4371 634 4426 aut
658 4359 832 4444 spatiorum
856 4359 1033 4424 interstitiis
1054 4373 1092 4424 ut
1113 4357 1267 4422 distantia
