3425 5367
341 738 412 784 cae.
427 723 520 798 mm]
691 736 947 785 mnucmrrcus.
1256 721 1298 779 58

343 900 434 974 petes
447 911 544 975 snpra
557 893 682 955 culmen
697 889 813 954 domus
827 888 929 973 patris
942 887 1013 972 ejus
1027 884 1189 965 sederunt,
1202 906 1297 948 omen

342 988 478 1076 duplicis
491 990 628 1078 imperii,
642 992 785 1078 Europae
800 990 955 1075 Asiaeque
968 988 1184 1075 preferentes.
1213 986 1296 1051 Vul-

343 1110 430 1158 tures
458 1091 679 1159 difficultatem
712 1104 854 1180 portant,
883 1091 1048 1171 duritiam,
1074 1093 1294 1176 rapacitatem,

342 1196 424 1260 sicut
438 1195 537 1260 habes
551 1196 583 1259 in
599 1196 722 1281 origine
740 1196 828 1260 urbis
848 1192 1033 1258 condendae.
1076 1190 1216 1257 Pboenix
1231 1190 1295 1255 sin-

339 1295 461 1379 gularis
474 1294 636 1361 felicitatis
650 1317 812 1361 successus
826 1294 1008 1380 pollicetur,
1023 1292 1119 1379 quale
1132 1304 1193 1370 est,
1202 1291 1294 1378 quod

339 1416 422 1461 nova
433 1396 549 1472 Roma,
561 1396 629 1461 viso
640 1395 798 1483 pboenice,
810 1394 996 1459 melioribus
1004 1394 1154 1479 auspiciis
1163 1394 1294 1459 condita

339 1508 399 1560 est.
448 1496 532 1560 Avis
555 1496 643 1580 picta
667 1496 743 1559 urbi
771 1495 977 1560 Pictavorum
1003 1492 1139 1557 contulit
1166 1515 1296 1580 nomen,

340 1594 503 1661 levitatem
525 1596 642 1681 gentis,
657 1596 762 1661 colore
776 1610 809 1661 et
824 1618 902 1659 voce
922 1596 1144 1679 praefigurans
1188 1595 1295 1659 Ardea

340 1720 447 1762 rerum
475 1696 648 1762 arduarum
674 1696 852 1784 auspicium
877 1708 937 1761 est.
989 1696 1120 1761 Ciconia
1142 1697 1293 1781 quoniam

340 1799 409 1862 aris
430 1798 608 1862 concordiae
630 1810 689 1875 est,
709 1796 911 1871 concordiam
933 1796 1065 1877 invenit,
1085 1808 1144 1861 aut
1164 1818 1295 1861 conom-

339 1897 423 1963 diam
439 1898 527 1963 iacit.
572 1900 660 1963 Grus
674 1920 798 1985 semper
811 1897 917 1975 affert,
933 1896 1020 1983 quod
1035 1896 1166 1983 expedit
1172 1919 1183 1972 ;
1206 1896 1293 1961 unde

338 2012 371 2065 et
389 2022 505 2086 gruere
520 2000 654 2067 verbum
673 2004 855 2087 antiquum,
870 2022 892 2063 a
910 2022 977 2085 quo
998 2022 1186 2085 congruere,
1200 1999 1291 2085 quod

336 2101 479 2188 proficit3
504 2114 535 2168 et
551 2102 698 2189 ingruere
712 2116 834 2180 contra,
846 2101 936 2189 quod
948 2099 1057 2165 officit.
1085 2101 1184 2165 Unde
1197 2100 1293 2182 illud,

709 2219 1080 2288 suessoniensem.

339 2324 406 2389 Nec
425 2338 531 2391 tamen
546 2325 683 2391 minores
697 2324 895 2412 contemptui
907 2325 1036 2401 babeas,
1051 2348 1151 2411 quum
1166 2337 1200 2390 et
1219 2328 1293 2412 pica

336 2424 467 2512 loquax,
483 2426 565 2493 sicut
579 2426 620 2489 ad
636 2426 748 2503 multa,
761 2428 806 2490 sic
820 2426 863 2489 ad
878 2426 1110 2512 susceptionem
1124 2426 1289 2513 hospitum

339 2538 371 2592 te
388 2528 484 2593 faciat
503 2528 688 2593 cautiorem.
732 2526 768 2593 Si
789 2527 870 2608 aris,
887 2550 961 2613 quae
976 2527 1075 2613 vulgo
1093 2527 1215 2592 dicitur
1227 2527 1290 2591 Al·

336 2628 492 2711 banellus,
519 2628 746 2717 praetervolans
773 2628 870 2706 viem,
892 2651 912 2692 a
934 2628 1070 2693 sinistris
1096 2628 1221 2692 feratur
1247 2628 1292 2692 ad

337 2729 497 2812 dextram,
510 2732 551 2797 de
570 2730 702 2815 hospitii
723 2729 885 2794 hilaritate
898 2754 941 2795 ne
955 2730 1104 2794 dubites:
1128 2730 1291 2812 sicontra,

336 2832 532 2895 contrarium
547 2828 759 2916 exspectabis.
796 2832 883 2894 Aves
896 2828 1080 2894 domesticae
1092 2829 1218 2895 artificii
1231 2832 1290 2897 hn-

332 2933 389 3018 jus
411 2952 475 2994 uon
497 2944 572 2995 sunt
592 2942 750 3016 expertes,
763 2952 867 3016 quum
887 2929 965 3018 galli
980 2942 1093 2997 cantus
1105 2954 1205 3019 spem,
1218 2933 1292 3013 iter,

337 3037 390 3099 rel
412 3054 494 3120 opus
520 3031 698 3097 inchoantis
719 3045 915 3119 promoveat.
970 3033 1105 3099 Tiberio
1127 3038 1291 3102 nascituro

334 3137 531 3221 praesignans
546 3133 652 3212 Livia,
663 3154 762 3199 ovum
777 3133 905 3219 gallinae
918 3134 1116 3201 subductum
1129 3160 1168 3202 eo
1182 3160 1288 3226 usqne

335 3259 421 3301 nunc
450 3235 527 3314 suis,
556 3258 642 3301 nunc
670 3236 856 3301 ancillarum
892 3236 1041 3303 manibus
1068 3239 1159 3319 fovit,
1185 3240 1288 3305 donec

335 3336 439 3421 gallus
453 3336 619 3424 insigniter
632 3336 780 3403 cristatus
794 3341 944 3401 exclusus
957 3350 1022 3412 est;
1038 3337 1170 3403 undeet
1184 3362 1290 3423 augu-

337 3458 387 3503 res
410 3460 569 3525 puerum;
601 3440 657 3525 qui
686 3441 865 3504 nasciturus
893 3450 972 3515 erat,
997 3438 1150 3505 dixerunt
1174 3462 1287 3527 regna·

337 3551 458 3607 turum.
502 3540 657 3617 Bubouis,
670 3540 801 3627 strygis,
815 3552 848 3605 et
862 3552 1000 3623 noctuae,
1008 3562 1134 3628 semper
1145 3540 1289 3609 infausta

338 3654 411 3708 sunt
426 3644 543 3708 omina.
587 3645 716 3707 Noctua
736 3655 841 3709 tamen
863 3666 901 3708 eo
922 3643 1011 3731 quod
1029 3644 1135 3710 noctis
1148 3645 1288 3713 tenebris

336 3764 398 3809 non
424 3758 573 3824 caecatur,
594 3744 758 3830 diligentis
783 3746 920 3811 bominis
940 3746 1136 3832 vigilantiam
1158 3748 1284 3834 sigoat;

338 3846 420 3911 utin
435 3858 595 3935 portento,
610 3868 677 3933 quo
690 3847 724 3911 in
739 3847 831 3913 hasta
853 3849 1016 3927 Hieronis,
1030 3871 1133 3936 quum
1149 3851 1287 3936 primum

335 3948 582 4035 progrederetur
602 3948 644 4015 ad
666 3949 800 4032 bellum,
819 3964 939 4015 noctua
958 3951 1078 4017 dicitur
1099 3951 1288 4035 consedisse,

336 4050 517 4135 significans
531 4072 604 4117 eum
619 4050 766 4117 futurum
785 4051 1072 4137 diligentissimum.
1117 4053 1287 4119 Bubonem

337 4150 434 4232 Dido,
455 4150 532 4217 dum
556 4152 742 4218 misceretur
760 4156 884 4231 AEnese,
899 4154 997 4219 sensit
1020 4154 1206 4219 infaustum.
1251 4154 1287 4218 si

336 4254 487 4339 accipiter
508 4256 714 4343 quippiamve
734 4255 860 4341 generis
883 4255 991 4341 hjuus,
1013 4255 1073 4320 sub
1093 4254 1195 4319 oculis
1215 4276 1289 4335 pro·

335 4351 512 4435 licisccutis,
538 4356 663 4424 solitam
690 4357 833 4443 rapinam
858 4370 1016 4433 exerceat,
1041 4356 1103 4418 intr
