3425 5367
330 736 402 781 cae.
418 719 545 799 xxv11.]
709 737 965 784 ronrcnarrcns.
1226 726 1284 789 151

330 902 466 955 mortem
492 889 664 953 terminum
693 912 756 953 non
783 911 851 953 esse
881 887 1048 964 malorum,
1076 888 1130 951 sed
1159 903 1283 957 antece

328 987 473 1053 dentium
496 1003 529 1054 et
551 987 790 1055 succedentium
813 988 971 1075 copulam.
1017 988 1072 1053 Ad
1095 989 1176 1055 hanc
1196 993 1283 1077 fugi·

328 1088 442 1152 endam
466 1112 528 1153 non
549 1090 679 1155 oracula
698 1102 820 1166 vatum,
836 1112 898 1153 non
923 1090 1080 1176 Pythonis
1094 1092 1284 1158 consultatio

327 1192 500 1256 necessaria
522 1205 589 1257 est:
620 1192 745 1257 fidelius
766 1204 799 1255 et
823 1191 935 1255 utilius
956 1192 997 1255 ad
1020 1193 1080 1255 hoc
1103 1194 1184 1259 ratio
1206 1196 1283 1261 data

327 1291 473 1357 consulit.
506 1296 591 1359 Cato
602 1296 636 1358 in
649 1292 755 1379 Libya
765 1306 917 1357 extremae
928 1292 1124 1359 difficultatis
1134 1298 1283 1383 angustia

329 1406 521 1475 coarctatus,
543 1397 735 1457 Ammonem
766 1393 882 1455 Jovem
912 1391 1103 1477 dedignatus
1131 1410 1178 1461 est
1210 1420 1284 1462 con·

330 1492 468 1568 sultare;
491 1509 581 1559 ratus
603 1494 663 1559 sibi
684 1493 838 1559 rationem
859 1492 1002 1557 sufficere
1022 1506 1056 1559 ut
1079 1497 1283 1580 persuaderet

331 1594 517 1659 servandam
532 1596 722 1668 libertatem,
739 1607 772 1660 et
788 1617 849 1659 non
865 1594 961 1659 modo
975 1594 1198 1663 dominationis
1214 1601 1284 1667 Cae·

333 1718 433 1762 aareae
449 1700 578 1784 jugum,
601 1699 657 1763 sed
679 1720 804 1763 omnem
826 1709 936 1762 notam
960 1697 1171 1783 turpitudinis
1195 1700 1280 1787 fugi-

329 1799 455 1866 endam.
488 1802 577 1866 Licet
592 1801 624 1865 in
639 1825 677 1865 eo
692 1799 844 1864 erraverit
856 1798 944 1886 quod
955 1799 1143 1865 auctoritate
1154 1803 1284 1889 propria

330 1902 405 1967 vitoe
420 1925 535 1968 munus
548 1903 683 1990 abjecit:
720 1901 810 1989 quod
830 1924 893 1965 non
916 1900 1010 1965 modo
1030 1901 1172 1967 fidelium
1192 1905 1283 1971 insti·

330 2003 427 2079 tutis;
452 2004 508 2069 sed
520 2004 802 2071 constitutionibus
816 2002 973 2087 gentium,
988 2014 1021 2067 et
1036 2004 1283 2089 sapientissimo-

330 2128 403 2170 rum
417 2104 530 2170 edictis
545 2119 669 2171 constat
684 2129 751 2170 esse
765 2104 976 2191 prohibitum.
1013 2104 1137 2169 Veteris
1152 2105 1283 2192 quidem

330 2206 541 2293 philosophiae
566 2207 724 2294 principes
752 2206 953 2293 Pythagoras
979 2216 1011 2269 et
1036 2204 1182 2273 Plotinus
1207 2229 1281 2294 pro·

330 2303 494 2373 hibitionis
505 2309 604 2394 hujus
613 2332 675 2373 non
688 2323 753 2374 tam
763 2319 911 2373 auctores
921 2318 994 2372 sunt
1004 2329 1100 2393 quam
1110 2330 1282 2395 praecones,

330 2409 457 2472 omnino
487 2408 636 2473 illicitum
666 2431 735 2474 esse
764 2406 917 2490 dicentes,
945 2407 1128 2492 quempiam
1159 2408 1282 2475 militiae

331 2511 518 2575 servientem
533 2534 553 2574 a
571 2508 721 2598 praesidio
738 2524 770 2575 et
793 2509 958 2574 commissa
981 2510 1042 2575 sibi
1063 2510 1197 2575 statione
1217 2511 1282 2577 dis·

331 2612 454 2690 cedere,
479 2614 559 2678 citra
583 2613 676 2679 ducis
701 2612 748 2677 vel
779 2612 932 2699 principis
956 2611 1140 2698 jussionem.
1186 2612 1283 2679 Plane

330 2714 468 2800 eleganti
490 2715 636 2800 exemplo
659 2715 706 2780 usi
729 2727 816 2790 sunt,
839 2737 878 2777 eo
900 2713 988 2799 quod
1011 2712 1124 2777 militia
1145 2726 1193 2777 est
1217 2714 1283 2779 vita

329 2816 466 2879 hominis
477 2838 573 2901 super
584 2830 712 2883 terram.
747 2815 835 2891 Quid
847 2814 873 2879 si
886 2827 996 2879 contra
1006 2814 1143 2899 jubeant
1154 2814 1283 2881 oracula

331 2929 456 2996 vatum,
471 2917 522 2979 vel
536 2940 686 3004 response
701 2914 883 3003 Pythonis?
906 2915 1025 2980 Procul
1041 2914 1140 2979 dubio
1155 2915 1282 2981 minime

331 3018 484 3083 audiendi
508 3034 595 3099 sunt,
615 3022 692 3108 quia
712 3043 785 3085 eum
804 3018 948 3107 periculo
970 3018 1169 3097 innocentiae,
1190 3042 1283 3085 nemo

330 3121 480 3206 cuiquam
500 3121 595 3187 debet
615 3123 723 3186 fidem.
770 3122 805 3186 Si
827 3122 905 3186 mihi
925 3144 987 3186 non
1008 3120 1120 3199 credis,
1141 3125 1282 3187 Numam
1391 3196 1396 3206 ‚

330 3222 549 3286 Rommorum
566 3224 796 3309 Imperatorem
812 3223 879 3286 fere
894 3221 1186 3286 innocentissimum
1200 3245 1283 3307 prae-

331 3337 380 3387 ter
403 3325 530 3405 Titum,
550 3324 575 3387 si
598 3324 713 3410 placet,
733 3324 876 3390 attende.
920 3327 1008 3387 Dum
1030 3322 1221 3386 invitaretur
1239 3322 1282 3387 ad

330 3425 550 3503 homicidium,
566 3427 669 3513 petito
683 3426 787 3512 capite
802 3425 843 3489 ed
860 3422 1021 3501 sacrificia,
1035 3421 1157 3485 censuit
1172 3444 1282 3507 cepam
1318 3502 1328 3523 ι

331 3548 398 3589 esse
416 3524 612 3607 cedendam,
626 3526 792 3590 reflectens
812 3525 854 3589 ad
872 3522 1083 3589 innocentiam
1099 3522 1196 3587 etiam
1210 3544 1282 3608 per·

331 3626 412 3689 versi
427 3626 567 3690 numinis
580 3630 786 3692 voluntatem.
809 3628 857 3691 At
871 3647 972 3711 quum
986 3624 1122 3689 hominis
1133 3623 1284 3711 adjicere-

327 3740 382 3793 tur
404 3752 424 3792 a
448 3729 589 3806 numine,
615 3729 748 3815 capillos
773 3752 805 3793 se
829 3728 988 3813 pollicitus
1014 3740 1060 3791 est
1087 3726 1281 3793 oblaturum.

332 3834 443 3905 Quum
465 3852 542 3893 vero
564 3828 697 3915 spiritus
718 3827 904 3892 immundus
919 3826 1021 3893 sitiret
1036 3840 1068 3891 et
1083 3826 1281 3910 sanguinem,

330 3930 449 4017 piscem
459 3928 687 3994 immolandum
696 3937 766 3993 esse
776 3926 952 4015 respondit.
998 3927 1048 3990 Sic
1057 3926 1166 4013 itaque
1181 3949 1283 4013 quum

329 4032 412 4097 ratio
431 4033 502 4119 ejus
524 4030 746 4095 circumveniri
768 4053 831 4094 non
851 4041 969 4115 posset,
983 4040 1021 4093 ut
1041 4028 1221 4093 traheretur
1241 4028 1283 4093 ad

330 4133 470 4219 culpem,
480 4132 719 4198 immundorum
736 4131 907 4218 spirituum
921 4130 1112 4208 testimonio,
1123 4129 1283 4217 colloquio

331 4235 474 4299 Deorum
488 4234 717 4321 pronunciatus
732 4248 782 4298 est
801 4257 868 4298 esse
891 4222 1105 4319 dignissimus.
1152 4231 1221 4297 Nec
1235 4248 1283 4296 est

332 4335 421 4421 quod
437 4336 497 4400 sub
512 4339 759 4401 exorcismorum
775 4348 948 4421 praetextu,
959 4357 1051 4400 suum
1068 4334 1140 4420 quis
1155 4346 1284 4400 tueatur
