3425 5367
476 700 516 757 32
735 710 872 757 Josusrs
886 710 1161 757 saanssaarsusrs
1300 696 1383 771 [mn.
1400 710 1423 757 1.

474 872 586 945 gerunt
601 862 815 947 amplissimos
835 865 1046 945 magistratus.
1093 862 1189 937 Quod
1203 862 1288 927 enim
1303 865 1338 927 in
1352 865 1423 928 aliis

473 964 611 1029 futurum
640 974 707 1027 erat
731 966 860 1030 levioris
887 968 1003 1049 culpae,
1029 967 1091 1030 hoc
1121 966 1152 1028 in
1178 966 1245 1029 istis
1273 986 1359 1049 saepe
1385 966 1424 1028 fit

473 1064 624 1128 criminis.
669 1065 714 1129 Et
729 1064 859 1149 quidem
881 1086 1008 1150 semper
1027 1066 1147 1149 majora
1162 1074 1236 1128 sunt
1251 1087 1324 1147 quae
1339 1068 1422 1129 cele-

472 1165 579 1229 bratos
605 1174 789 1231 contractus
811 1166 1006 1245 rescindunt,
1028 1188 1125 1251 quarn
1145 1188 1218 1250 quae
1242 1165 1424 1250 impediunt

472 1266 718 1331 contrahendos.
745 1268 845 1331 Porro
862 1268 903 1331 dc
917 1269 1043 1347 virtute,
1058 1278 1091 1331 et
1105 1267 1236 1331 veritate
1252 1287 1424 1345 canonum,

470 1366 617 1431 venatica
631 1368 792 1431 clientulis
811 1369 878 1431 suis
899 1388 964 1430 non
983 1368 1080 1431 modo
1101 1366 1220 1430 claudit
1234 1389 1423 1445 ascensum3

471 1466 527 1530 sed
551 1468 668 1531 summi
692 1469 863 1532 sacerdotii
886 1469 1018 1550 gradum
1039 1468 1151 1532 adimit
1168 1466 1238 1551 jam
1259 1468 1424 1552 adeptum.

470 1568 628 1633 Praeclare
643 1569 725 1633 illud
744 1581 780 1633 ut
803 1572 904 1635 multa
919 1572 1015 1635 fertur
1030 1571 1152 1634 dixisse
1168 1570 1420 1634 Themistocles:

470 1670 678 1753 Magistratus
698 1692 718 1735 a
736 1672 822 1736 ludis
841 1684 874 1737 et
892 1674 1136 1757 quibuscunque
1157 1670 1329 1736 levioribus
1351 1694 1422 1735 esse

470 1771 637 1849 arcendos,
651 1792 693 1835 ne
710 1773 893 1854 respublica
906 1771 1015 1836 ludere
1028 1772 1184 1847 videatur,
1199 1772 1423 1855 defectumque

470 1871 530 1947 sui,
539 1872 651 1934 relicta
666 1872 817 1953 gravitate
833 1871 1034 1953 pronunciet.
1072 1871 1107 1933 Si
1119 1882 1222 1933 tamen
1238 1872 1425 1955 majoribus,

471 1970 558 2053 quod
574 1970 704 2053 quidem
718 1991 824 2033 rarum
839 1983 898 2045 est,
914 1992 970 2033 eos
985 1972 1180 2054 exoccupari
1196 1973 1424 2053 contigentia

470 2070 563 2135 annis
585 2068 820 2148 adolescentiae,
842 2093 886 2135 ex
908 2070 1146 2155 dispensatione
1168 2071 1271 2135 aetatis
1293 2075 1424 2154 permit·

470 2180 581 2235 tuntur
595 2172 716 2255 aliquid
739 2173 922 2237 subtrahere
946 2173 1103 2253 gravitati,
1117 2185 1150 2237 et
1170 2174 1204 2236 in
1226 2195 1261 2236 se
1283 2175 1423 2239 clemen·

470 2272 568 2336 tiores
597 2293 679 2350 esse,
708 2272 796 2355 quod
825 2272 1016 2336 maturitatis
1044 2294 1209 2357 processu,
1237 2274 1423 2359 reipublice

471 2373 603 2438 utilitati
618 2385 836 2457 compensent.
882 2375 964 2437 Haec
980 2374 1053 2438 ille:
1078 2385 1111 2437 et
1125 2375 1248 2439 utinam
1264 2375 1424 2439 audiretur

469 2496 491 2539 a
510 2476 639 2554 nostris,
652 2484 689 2538 ut
711 2467 824 2539 saltem
846 2476 881 2538 in
901 2476 1095 2560 provectiori
1118 2488 1223 2555 aetate,
1245 2478 1343 2560 nugis
1357 2478 1424 2539 suis

469 2575 654 2660 reipublicae
684 2575 765 2639 seria
794 2574 995 2638 anteferrent.
1049 2576 1142 2638 Tunc
1170 2575 1289 2639 etenim
1319 2586 1420 2638 totum

467 2676 654 2762 reipublice
670 2698 785 2761 corpus
800 2675 924 2739 roboris
940 2676 987 2740 sui
1003 2676 1184 2760 integritate
1200 2676 1332 2758 vigebit,
1341 2687 1418 2739 tunc

468 2780 599 2864 optimae
614 2778 855 2865 compositionis
877 2780 984 2862 specie
999 2780 1230 2856 venustabitur,
1245 2790 1278 2842 ct
1292 2766 1419 2858 elegan-

467 2883 508 2945 tis
522 2881 770 2965 pulchritudinis
785 2880 933 2945 decorem
950 2880 1072 2955 induet,
1087 2882 1113 2944 si

573 2986 683 3053 Singula
694 3002 803 3055 quasque
814 2985 900 3037 locum
911 2991 1018 3039 teneant
1030 2987 1121 3038 sortita
1133 2988 1264 3050 decenter,

467 3083 494 3145 si
509 3083 603 3145 fuerit
617 3081 793 3143 officiorum
804 3101 872 3142 non
885 3080 1042 3155 confusio,
1053 3081 1111 3142 sed
1123 3081 1313 3144 distributio.
1345 3084 1419 3145 Hoc

465 3184 510 3245 ita
524 3182 551 3244 si
565 3180 717 3265 optimam
731 3178 860 3241 vivendi
875 3176 988 3241 ducem
1000 3190 1147 3241 naturam
1158 3180 1331 3260 sequimur.
1354 3182 1420 3249 Sed

465 3302 552 3348 nunc
569 3281 655 3369 quod
671 3280 868 3346 medicorum
883 3290 943 3360 est,

573 3388 735 3445 Promittuut
745 3385 822 3453 fabri,
833 3386 929 3439 medici
939 3384 1044 3439 fabrilia
1055 3390 1176 3449 tractant,

466 3502 499 3556 et
514 3490 655 3555 officium
676 3485 869 3571 presidendi
885 3506 904 3548 a
918 3482 1122 3547 venatoribus
1144 3495 1176 3546 et
1194 3482 1418 3547 humilioribus

466 3590 580 3654 officiis
596 3586 762 3650 autetiam
784 3580 953 3646 maleficiis
973 3591 1154 3661 mutuatur3
1177 3592 1210 3648 et
1223 3584 1418 3667 privatorum

465 3690 624 3754 temeritas
640 3697 695 3751 aut
708 3684 891 3767 disciplinae
910 3684 1099 3767 ignorantia,
1115 3707 1149 3749 se
1165 3685 1263 3749 audet
1276 3684 1417 3769 publicis

465 3790 582 3857 officiis
597 3786 787 3851 immiscere.

591 3977 671 4061 Cap.
687 3980 718 4038 d.
744 3976 795 4037 De
808 3974 893 4054 alea,
906 3982 939 4037 et
954 3996 1027 4053 asu,
1041 3983 1072 4037 et
1088 3975 1191 4037 abusu
1206 3972 1285 4051 ejus.

507 4130 576 4193 san
591 4147 668 4190 ecce
683 4123 759 4187 dum
774 4134 960 4188 venatorum
978 4125 1133 4187 tumultus
1147 4122 1316 4204 egreditur,
1332 4123 1415 4201 aliae,

463 4232 524 4297 etsi
545 4226 779 4302 taciturniores,
792 4232 997 4309 perstrepunt
1018 4246 1123 4306 nuga.
1167 4222 1293 4286 Tritum
1315 4224 1413 4310 siqui·

463 4332 536 4399 dem
557 4326 757 4416 proverbium
780 4337 839 4405 est,
854 4327 917 4398 Qui
939 4328 1066 4411 lepores
1087 4326 1197 4406 agitat,
1217 4326 1316 4390 Verba
1337 4347 1415 4392 con·
