3425 5367
422 748 486 806 236
679 764 817 808 roaxxrs
832 765 1112 810 sanssnsarsssrs
1232 752 1315 824 [trs.
1332 767 1375 811 1v.

423 911 570 975 videmur
594 913 782 976 abscedere:
814 915 886 978 licet
914 917 1005 979 uobis
1026 931 1058 979 et
1080 917 1144 980 illis
1165 918 1275 980 eadem
1300 917 1377 980 fides

424 1017 477 1087 sit,
491 1013 538 1075 ita
552 1027 669 1090 nmen,
684 1029 720 1077 ut
739 1013 827 1099 quod
843 1015 888 1077 illi
905 1015 1051 1080 futurum
1067 1019 1306 1102 exspectabant,
1322 1042 1378 1083 nos

424 1138 465 1176 ex
481 1129 572 1199 parte
586 1138 702 1198 magna
721 1115 920 1201 gaudeamus
940 1130 973 1181 et
989 1142 1174 1182 veneremur
1196 1120 1377 1205 impletum,

423 1216 556 1301 abjectis
568 1231 693 1281 tantum
714 1220 838 1282 umbris
857 1219 1031 1304 figurarum
1055 1243 1095 1284 ex
1118 1243 1183 1306 quo
1200 1222 1314 1284 veritas
1336 1223 1377 1284 de

424 1333 509 1381 terra
521 1333 593 1382 orta
606 1336 667 1390 est,
682 1335 715 1384 et
730 1325 762 1384 in
777 1334 948 1406 conspectu
964 1323 1108 1403 gentium
1126 1322 1273 1386 revelata.
1316 1327 1379 1403 Nc,

424 1421 567 1508 iuquam,
576 1423 705 1485 illorum
722 1423 814 1506 quasi
829 1423 942 1500 aliena,
956 1437 1013 1487 aut
1029 1425 1163 1508 prot'ana
1177 1439 1378 1488 contemnan-

425 1539 481 1588 tur
493 1525 652 1611 exempla,
667 1525 898 1590 Constantinus
912 1540 1030 1604 noster,
1045 1526 1259 1601 Theodosius,
1275 1527 1298 1588 J
1301 1528 1378 1590 usti-

424 1629 551 1702 nianus,
565 1639 598 1689 et
613 1626 693 1702 Leo,
707 1639 740 1688 et
754 1625 809 1687 alii
825 1626 1084 1689 christianissimi
1108 1627 1277 1712 principes,
1293 1627 1377 1712 prin-

424 1729 527 1812 cipem
541 1741 676 1813 possunt
690 1729 848 1792 iustruere
864 1729 1093 1793 Christianum.
1133 1733 1171 1792 ln
1187 1752 1225 1790 eo
1240 1751 1377 1814 namque

424 1831 618 1916 praecipuam
644 1853 774 1914 operam
804 1830 937 1905 dabant,
965 1843 1001 1893 ut
1032 1829 1251 1895 sacratissimae
1280 1830 1375 1914 leges,

424 1955 500 2016 quae
524 1931 747 2014 constringunt
769 1933 912 1995 omnium
936 1932 1029 2012 ritas,
1051 1937 1206 1995 scirentur
1231 1945 1263 1995 et
1290 1945 1375 1994 tene·

424 2045 535 2094 rentur
567 2031 610 2092 ab
645 2029 804 2103 omnibus,
835 2051 892 2091 nec
926 2029 1053 2092 illarum
1089 2044 1169 2092 esset
1204 2030 1375 2114 quisquam

422 2133 566 2215 ignarus,
579 2130 639 2193 uisi
654 2144 710 2193 aut
733 2129 862 2213 publica
881 2131 1021 2194 utilitate
1035 2133 1150 2194 erroris
1172 2131 1373 2216 dispendium
1481 2152 1486 2158 ·

423 2244 652 2316 compensaret,
665 2244 722 2294 aut
744 2230 945 2294 miseratione
961 2234 1076 2308 aetatis,
1092 2251 1148 2297 aut
1170 2256 1264 2297 sexus
1286 2234 1373 2295 infir·

423 2335 533 2398 mitate
552 2333 705 2417 legitimae
728 2333 911 2396 acerbitatis
933 2338 1033 2399 evitet
1058 2339 1192 2398 aculeos.
1240 2333 1373 2398 Illorum

423 2437 527 2522 itique
539 2449 642 2521 gesta,
657 2436 815 2499 uirtutum
831 2437 1036 2500 incitamenta
1052 2450 1144 2500 suut:
1175 2437 1272 2500 verba
1295 2451 1373 2522 quot

424 2551 512 2614 suut,
526 2551 576 2602 tot
589 2536 806 2601 institutiones
820 2560 955 2601 morum.
970 2529 975 2538 ⁸
998 2540 1145 2622 Denique
1162 2539 1269 2613 vitam,
1286 2539 1373 2602 vitiis

422 2641 604 2726 subjugatis
626 2653 660 2704 et
685 2640 867 2725 captivatis,
892 2641 985 2726 quasi
1014 2663 1122 2703 arcum
1150 2641 1373 2726 triumphalem

422 2755 640 2807 consecratum
675 2743 866 2828 posteritati,
896 2743 1073 2827 magnificae
1108 2743 1237 2806 virtutis
1272 2743 1374 2807 titulis

422 2855 604 2918 erexerunt,
617 2842 705 2905 fideti
726 2841 921 2905 confessione
942 2842 1153 2927 praedicantes
1167 2842 1199 2904 iu
1216 2843 1373 2918 omnibus,

422 2944 499 3029 quia
512 2967 575 3006 non
587 2966 701 3008 manus
710 2942 844 3020 excelsa,
855 2944 910 3006 sed
925 2944 1082 3008 Dominus
1093 2945 1167 3008 fecit
1180 2944 1248 3006 haec
1258 2946 1374 3008 omnia.

423 3048 469 3110 Et
495 3045 624 3130 quidem
652 3045 881 3110 Constantinus
904 3049 1049 3108 Romana
1073 3046 1217 3110 Ecclesia
1238 3046 1373 3109 fundata

422 3159 454 3209 et
469 3146 592 3222 dotata,
606 3159 645 3209 ut
659 3160 774 3209 caetera
787 3147 857 3232 ejus
878 3159 1044 3211 taceantur
1067 3150 1205 3232 egregia,
1221 3161 1374 3232 perpetua

422 3244 642 3309 benedictione
666 3247 800 3331 insignis
825 3259 883 3310 est.
936 3247 1136 3312 Justinianus
1162 3261 1194 3311 et
1225 3253 1288 3311 Leo
1316 3247 1373 3331 qui

421 3346 595 3412 fueriutex
610 3373 648 3412 eo
662 3349 771 3428 claret,
785 3350 874 3435 quod
897 3363 1001 3413 totum
1025 3351 1132 3412 orbem
1158 3348 1374 3412 sacratissimis

423 3449 550 3534 legibus
570 3452 754 3529 enucleatis,
769 3451 862 3537 quasi
882 3452 1042 3537 quoddam
1065 3450 1217 3534 templum
1238 3451 1374 3534 justitiae

422 3573 545 3613 sacrare
560 3553 760 3615 studuerunt.
807 3557 890 3616 Nam
907 3554 947 3616 de
963 3550 1149 3616 Theodosio
1163 3551 1242 3636 quid
1258 3551 1374 3627 dicam,

422 3672 519 3734 quem
544 3651 598 3712 isti
620 3651 749 3713 virtutis
775 3651 955 3717 habuerunt
978 3652 1152 3738 exemplar,
1175 3667 1206 3715 et
1232 3653 1375 3716 Ecclesia

424 3751 486 3815 Dei
509 3753 552 3815 ob
575 3752 741 3836 religionis
763 3766 795 3816 et
816 3754 954 3839 justitiae
974 3755 1183 3818 venerabilem
1208 3768 1326 3830 uotam,
1343 3768 1374 3819 et

424 3853 642 3917 sacerdotibus
656 3854 885 3938 patientissime
901 3870 1005 3920 tamen
1023 3869 1054 3920 et
1080 3855 1254 3918 humillime
1273 3856 1375 3941 indig-

423 3968 562 4031 nantem,
577 3979 640 4018 non
655 3956 751 4018 modo
777 3971 813 4020 ut
835 3957 1057 4043 imperatorem
1074 3971 1221 4021 venerata
1242 3971 1301 4031 est,
1318 3957 1371 4020 sed

423 4068 460 4116 ut
489 4057 686 4119 antistitem?
727 4057 791 4130 Qui
821 4062 907 4143 leges
934 4059 1062 4138 tulerat,
1089 4082 1185 4145 quam
1216 4059 1374 4144 patienter

422 4154 497 4218 tulit
527 4157 711 4219 sententiam
744 4159 916 4224 sacerdotis
947 4161 1201 4225 Mediolanensis.
1260 4162 1304 4224 Et
1335 4183 1374 4223 ne

422 4261 609 4321 sententiam
625 4258 757 4322 emolliti
772 4260 970 4344 presbyteri,‘
979 4273 1010 4324 et
1027 4262 1225 4346 principibus
1240 4265 1374 4347 applau-

322 4381 328 4390 ·
421 4359 526 4424 dentis
541 4360 637 4424 fuisse
650 4374 788 4424 teneram
805 4373 911 4445 putes,
924 4385 942 4425 a
957 4363 1111 4446 regalium
1126 4387 1185 4426 usu
1202 4385 1375 4446 suspensus
