3425 5367
413 735 473 799 lm
673 749 807 796 romnus
824 738 1101 796 saansnaarnnsrs
1227 731 1307 815 [nra.
1324 752 1361 798 11.
1411 796 1414 813 ,

411 903 563 976 infinitus,
580 903 638 967 nisi
654 901 741 988 apud
764 901 920 965 infinitam
942 903 1127 988 sapientiam
1149 902 1221 966 Dei.
1268 903 1364 966 Iude-

409 1005 516 1070 ficiens
533 1027 610 1090 ergo
630 1006 759 1069 scientia
780 1021 838 1080 est,
855 1004 908 1068 cui
927 1003 1005 1066 nihil
1026 1025 1136 1066 eorum
1160 1003 1311 1081 elabitur,
1331 1018 1363 1068 et

409 1109 538 1170 omnino
553 1119 760 1192 augmentum
780 1128 843 1170 non
862 1106 987 1191 recipit,
1003 1129 1077 1191 quae
1095 1129 1133 1168 ea
1150 1105 1257 1168 omnia
1278 1129 1363 1169 com-

410 1208 587 1294 prehendit.
647 1207 816 1272 Rationem
850 1229 924 1270 vero
953 1229 1075 1286 eorum,
1100 1229 1175 1292 quae
1205 1208 1295 1271 Deus
1320 1209 1362 1272 ab

411 1324 529 1376 aeterno
564 1312 596 1375 in
634 1311 800 1397 sapientia,
836 1311 870 1374 id
902 1324 960 1390 est,
996 1310 1028 1372 in
1064 1308 1230 1393 unigenito
1265 1311 1362 1374 verbo

410 1413 577 1500 disposuit,
606 1436 714 1478 creans
743 1413 788 1478 ibi
819 1413 927 1476 omnia
959 1410 1066 1488 simul,
1096 1434 1192 1496 quam
1225 1426 1364 1497 postmo-

410 1514 488 1578 dum
523 1527 755 1598 cousequenter
789 1514 938 1600 producit
976 1513 1009 1576 in
1045 1535 1154 1599 opera,
1188 1513 1363 1576 secundum

409 1615 571 1700 provisum
594 1614 737 1677 ordinem
760 1613 886 1699 singula
908 1613 1079 1677 traducens
1104 1637 1124 1677 a
1149 1614 1363 1697 generatione,

411 1739 476 1802 qua
491 1715 645 1802 incipiunt
660 1739 727 1780 esse
746 1738 804 1801 per
819 1727 947 1793 sortem,
961 1736 1026 1799 qua
1042 1713 1199 1778 fluctuare
1214 1714 1365 1780 videntur

410 1819 536 1882 casibus
558 1817 598 1881 ad
621 1818 869 1902 corruptionem,
885 1839 958 1901 qnae
980 1818 1073 1901 quasi
1095 1816 1251 1881 existendi
1275 1817 1364 1881 filum

411 1919 635 2004 praescindens,
652 1917 790 1981 retrudit
813 1918 854 1980 ad
877 1939 940 1979 non
963 1940 1040 1996 esse,
1061 1919 1176 1981 Parcas
1199 1916 1249 1980 vel
1273 1919 1366 1998 Fata,

412 2019 549 2104 antiquis
579 2017 700 2103 placuit
730 2016 897 2102 appellari,
927 2040 964 2080 eo
1002 2017 1091 2102 quod
1123 2019 1367 2083 constitutiones

411 2120 621 2206 providentia
646 2118 720 2196 Dei,
743 2119 822 2204 quin
845 2119 972 2182 effectui
994 2120 1227 2206 mancipentur,
1251 2121 1366 2184 nemini

413 2233 555 2310 parcant,
571 2233 603 2284 et
618 2244 637 2284 a
652 2221 750 2284 verbo
767 2220 840 2295 Dei,
857 2244 921 2306 quo
936 2221 1130 2288 aeternaliter
1144 2223 1251 2285 omnia
1273 2223 1368 2302 dixit,

412 2338 444 2389 et
473 2324 559 2388 facta
591 2337 677 2401 sunt,
708 2323 904 2387 executionis
932 2323 1167 2388 firmamentum
1201 2325 1367 2411 accipiant.

412 2427 510 2492 Unde
526 2425 652 2493 Stoicus
666 2426 772 2488 omnia
791 2426 968 2491 necessaria
989 2424 1102 2503 credit,
1118 2427 1234 2490 timens
1255 2450 1366 2490 evacu-

412 2529 457 2594 ari
473 2551 564 2612 posse
575 2527 736 2591 scientiam
748 2527 989 2592 immutabilem.
1028 2529 1059 2590 E
1071 2540 1181 2592 contra
1192 2528 1366 2614 Epicurus,

413 2653 521 2696 eorum
537 2653 611 2716 quae
625 2628 775 2694 eveniunt
798 2629 878 2692 nihil
896 2629 1106 2714 providentiae
1121 2629 1242 2694 ratione
1257 2630 1367 2716 dispo-

413 2733 569 2814 situm‚ne
578 2732 662 2796 sorte
671 2731 890 2796 necessitatem
900 2731 1108 2795 mutabilibus
1118 2732 1214 2795 rebus
1223 2731 1366 2806 inducat,

412 2835 572 2922 opinatur.
631 2833 704 2900 Pari
727 2857 804 2917 ergo
832 2857 938 2896 errore
959 2833 1132 2919 desipiunt,
1163 2856 1264 2919 quum
1287 2831 1368 2896 alter

413 2938 509 3012 casui,
535 2937 614 3002 alter
640 2935 818 2999 necessitati
845 2936 993 2998 universa
1019 2935 1176 3020 subjiciat.
1224 2932 1368 2997 Mutabi-

413 3039 491 3103 lium
504 3039 601 3122 igitur
616 3058 722 3099 rerum
735 3035 913 3120 dispositio,
925 3036 1132 3100 immutabilis
1143 3051 1208 3112 est3
1234 3051 1266 3100 et
1278 3048 1370 3100 aeter-

414 3161 464 3202 nae
479 3136 687 3223 providentiae
709 3135 918 3198 immutabilis
940 3147 1054 3212 status,
1069 3138 1209 3198 omnium
1233 3137 1372 3199 mutabi-

413 3238 493 3303 lium
508 3238 648 3300 continet
660 3257 799 3299 cursum.
845 3235 953 3312 Quum
964 3257 1039 3297 vero
1049 3233 1118 3320 ipsa
1129 3233 1170 3296 ab
1179 3235 1369 3298 aeternitatis

415 3365 481 3408 suae
497 3352 582 3406 statu
598 3338 717 3404 moveri
730 3361 791 3402 non
808 3339 919 3425 possit,
931 3336 1183 3421 contingentium
1199 3334 1311 3399 seriem
1330 3334 1372 3397 ab

414 3447 501 3508 omni
523 3466 608 3506 nexu
631 3441 825 3505 necessitatis
847 3441 995 3504 absolvit.
1040 3441 1085 3502 Et
1109 3437 1182 3501 licet
1204 3436 1260 3500 lux
1283 3434 1368 3499 inac-

414 3544 565 3608 cessibilis
591 3544 754 3628 sapientiae
784 3543 847 3604 Dei
877 3541 1025 3604 humanae
1052 3539 1191 3602 scientiae
1221 3538 1369 3602 tenebras

413 3640 703 3728 incomparabiliter
718 3639 896 3717 antecedat,
911 3653 957 3704 est
974 3654 1078 3704 tamen
1095 3638 1127 3702 in
1150 3662 1217 3724 quo
1231 3636 1371 3702 claritati

414 3745 508 3821 illius,
518 3743 661 3828 caliginis
672 3755 788 3806 nostrae
798 3741 910 3806 oculus
922 3742 1028 3828 quoad
1039 3741 1162 3827 aliquid
1174 3753 1370 3827 coaequatur.

416 3848 507 3914 Sicut
529 3846 612 3911 enim
636 3845 723 3930 quod
746 3844 838 3910 video
861 3844 1036 3925 imminere,
1057 3847 1147 3907 nulla
1168 3867 1209 3907 ex
1232 3867 1270 3908 eo
1292 3841 1371 3927 quia

415 3949 555 4024 videtur,
567 3947 751 4012 necessitate
766 3947 942 4033 proveniet,
956 3947 1043 4011 sicet
1060 3945 1148 4030 quod
1161 3945 1248 4008 illius
1259 3942 1371 4007 oculus

416 4051 660 4137 contemplatur,
690 4073 752 4113 non
784 4063 832 4115 est
861 4052 1070 4115 necessarium
1101 4047 1237 4111 evenire.
1298 4044 1370 4108 Scio

416 4151 563 4237 equidem
582 4150 718 4236 lapidem
735 4150 785 4214 vel
808 4149 968 4236 sagittam,
985 4171 1081 4236 quam
1104 4149 1137 4212 in
1161 4147 1262 4211 nubes
1279 4145 1372 4231 jacu-

418 4251 502 4316 latus
524 4273 607 4328 sum,
623 4250 772 4336 exigente
793 4263 910 4314 natura
931 4272 1109 4314 recasuram
1132 4249 1166 4312 in
1189 4260 1316 4324 terram,
1337 4245 1372 4308 in
1445 4276 1448 4291 ι

419 4373 513 4441 qnam
535 4353 683 4418 feruntur
704 4353 810 4416 omnia
831 4365 913 4417 nutu
936 4375 994 4416 suo
1017 4350 1171 4437 pondera,
1184 4369 1242 4411 nec
1266 4360 1372 4412 tamen
