3425 5367
445 708 486 768 70
618 720 841 781 ,cosmus
858 719 1136 765 ssnnsnnmunsrs
1262 702 1344 780 [ara.
1362 724 1402 767 rr.

448 882 625 956 superesset
639 892 675 934 ac
691 870 864 955 lacrymas:
899 882 932 935 et
953 871 1095 935 omnium
1116 872 1192 937 licet
1213 872 1404 937 acerbitates

448 994 552 1036 rerum
569 984 732 1059 superaret
753 972 864 1047 fames,
879 972 959 1037 nihil
980 984 1087 1038 tamen
1101 974 1149 1038 ita
1162 973 1289 1039 subruit
1303 986 1403 1061 atque

449 1075 621 1155 subvertit,
636 1075 718 1139 sicut
741 1074 975 1139 verecundiam.
1021 1074 1181 1161 Quicquid
1203 1076 1287 1139 enim
1308 1076 1404 1141 salvis

450 1175 546 1241 rebus
560 1175 684 1263 pudore
706 1176 837 1263 dignum
862 1189 922 1253 est,
937 1176 970 1241 id
991 1178 1025 1240 in
1046 1177 1106 1241 bac
1126 1179 1312 1242 necessitate
1331 1200 1404 1241 con-

450 1280 613 1345 temnitur.
659 1280 807 1365 Denique
830 1294 863 1345 et
885 1302 1002 1344 uxores
1021 1280 1062 1343 de
1083 1281 1227 1345 virorum
1246 1281 1405 1362 manibus,

450 1394 481 1445 et
507 1381 565 1446 filii
589 1381 629 1445 de
654 1392 836 1468 parentum,
859 1396 891 1446 et
916 1382 1001 1469 quod
1024 1395 1072 1447 est
1094 1382 1264 1464 infelicius,
1285 1396 1406 1447 matres

448 1483 537 1547 cibos
552 1482 592 1546 de
606 1483 811 1568 parvulorum
829 1484 975 1548 manibus
989 1496 1087 1569 atque
1102 1507 1158 1547 ore
1178 1484 1355 1570 rapiebant,
1371 1497 1404 1549 et

451 1608 551 1670 quum
580 1584 752 1649 dulcissimi
779 1584 882 1665 liberi,
909 1586 941 1649 in
964 1586 1112 1651 manibus
1134 1597 1233 1672 atque
1254 1595 1327 1649 ante
1347 1608 1405 1652 ora

450 1688 545 1774 positi
572 1690 779 1769 tabescerent,
802 1689 921 1773 exigua
944 1690 1019 1754 ritae
1044 1689 1187 1753 subsidia
1212 1688 1405 1754 edentibus

450 1791 526 1874 ipsis
545 1792 682 1855 eximere
704 1814 796 1853 nemo
816 1791 975 1876 parcebat.
1021 1792 1140 1853 Verum
1164 1814 1203 1854 ne
1224 1790 1310 1876 ipsos
1333 1790 1403 1876 qui-

450 1892 522 1955 dem
538 1892 687 1971 infelices,
702 1905 734 1955 et
749 1894 940 1977 perexiguos
955 1906 1115 1956 sumentes
1137 1892 1278 1956 latebant
1294 1892 1402 1956 cibos:

451 1992 505 2056 sed
532 1992 683 2055 continuo
708 1990 818 2055 aderat
844 1992 1029 2077 praedonum
1058 1992 1141 2078 quis,
1168 2004 1201 2055 et
1227 1994 1336 2056 statim
1366 2004 1404 2056 ut

450 2092 572 2155 clausas
593 2092 771 2177 cujuspiam
798 2092 1013 2177 conspexisset
1035 2093 1131 2169 fores,
1153 2092 1308 2157 indicium
1334 2116 1405 2159 cre-

451 2194 547 2257 debat
569 2193 630 2256 boc
651 2216 728 2269 esse,
752 2193 839 2279 quod
862 2194 1053 2259 intrinsecus
1068 2196 1183 2280 'positi
1200 2194 1350 2275 edereut;
1371 2207 1404 2261 et
1431 2266 1435 2273 ¹

451 2308 580 2381 repente
596 2295 764 2382 despicatis
775 2297 909 2374 foribus,
922 2299 1104 2384 praecipites
1117 2299 1293 2374 irruebant,
1306 2312 1405 2384 atque

452 2400 493 2464 ab
507 2400 596 2487 ipsis,
621 2413 656 2463 nt
677 2399 722 2463 ita
743 2400 859 2479 dicam,
873 2400 1019 2465 faucibus
1041 2401 1264 2486 exprimentes,
1279 2402 1305 2465 si
1322 2402 1405 2487 quid

452 2504 535 2567 forte
547 2504 745 2588 insumptum
754 2504 821 2589 jam
832 2504 952 2580 fuerat,
963 2504 1164 2567 revocabant.
1188 2504 1406 2568 Verberantur

453 2628 551 2679 senes,
579 2608 604 2668 si
630 2605 737 2669 cibum
765 2605 932 2669 vendicare
958 2617 1144 2681 tentassent,
1168 2604 1285 2691 sparsis
1308 2606 1405 2669 etiam

452 2708 593 2774 crinibus
612 2708 761 2773 mulieres
784 2708 1006 2785 trahebantur,
1027 2712 1188 2773 occultare
1208 2710 1357 2783 nitentes,
1378 2707 1406 2771 si

453 2812 531 2899 quid
554 2812 638 2877 forte
660 2812 894 2899 deprehensum
916 2812 1029 2875 fuisset
1050 2810 1082 2874 in
1105 2810 1261 2875 manibus.
1305 2808 1409 2873 Nulla

453 2914 581 2978 senibus
598 2913 785 2991 reverentia,
800 2914 889 2977 nulla
904 2936 980 2998 erga
995 2912 1148 2999 parvulos
1167 2913 1336 2991 miseratio,
1351 2910 1406 2975 sed

453 3016 485 3078 in
500 3017 619 3099 exiguo
633 3015 724 3097 panis
739 3015 918 3099 fragmento
938 3014 1090 3097 parvulos
1104 3014 1304 3089 inhaerentes,
1319 3026 1351 3077 et
1366 3034 1407 3075 ex

452 3118 523 3200 ipso
548 3115 600 3177 cui
622 3114 811 3177 inhaeserant
835 3135 1014 3197 suspensos,
1037 3112 1198 3176 elidebant
1220 3113 1252 3175 in
1279 3133 1407 3178 terram.

454 3223 581 3282 lucum
598 3238 684 3296 vero,
700 3216 756 3301 qui
777 3228 921 3302 raptores
940 3214 1011 3278 cibo
1025 3213 1232 3300 prevenisset
1247 3214 1408 3292 absumta,

454 3320 617 3386 crudelius
639 3320 824 3399 saeviebant,
844 3330 877 3383 et
899 3316 1124 3402 excogitabant
1145 3314 1215 3378 dira
1238 3315 1409 3401 supplicia,

453 3426 639 3491 obturantes
654 3422 834 3487 infelicibus
852 3420 1012 3485 naturales
1032 3418 1246 3504 digestionum
1262 3431 1408 3483 meatus:

453 3526 523 3589 aliis
545 3550 620 3589 vero
642 3537 818 3609 praeacutas
841 3522 935 3586 sudes
956 3544 1014 3607 per
1040 3520 1149 3584 eadem
1177 3521 1315 3585 verenda
1339 3521 1409 3584 adi-

454 3638 575 3710 gentes.
632 3624 792 3686 Horresco
820 3644 895 3708 quae
924 3633 1015 3707 gesta
1045 3631 1121 3686 sunt
1149 3622 1297 3687 referens.
1355 3622 1407 3688 Ad

455 3726 682 3789 confectionem
702 3724 859 3810 posthaec
874 3724 970 3788 unius
985 3724 1086 3811 panis,
1101 3736 1159 3789 aut
1173 3724 1281 3810 cyathi
1296 3722 1409 3789 fariuae

456 3828 586 3893 miseros
606 3828 831 3913 perurgebant.
877 3831 962 3892 Nam
983 3828 1046 3913 ipsi
1066 3839 1203 3891 tortores
1220 3849 1284 3890 non
1307 3829 1408 3910 patie·

456 3936 574 3994 bantur
589 3930 716 3994 famem.
749 3931 845 3995 Esset
860 3932 944 3995 enim
961 3929 1196 4016 quodammodo
1212 3928 1410 3993 tolerabilius

457 4032 481 4095 si
497 4032 565 4095 haec
581 4031 736 4117 compulsi
750 4032 855 4095 inedia
870 4033 973 4095 facere
988 4032 1180 4096 viderentur.
1226 4030 1289 4095 Sed
1305 4043 1341 4094 ut
1358 4030 1409 4093 vel

457 4146 672 4219 praepararent
688 4134 749 4198 sibi
764 4133 795 4197 in
816 4154 980 4220 posterum
1001 4133 1098 4209 cibos,
1115 4132 1165 4197 vel
1181 4145 1219 4196 ut
1238 4130 1411 4195 crudelitas

456 4235 607 4299 exercitio
635 4236 877 4312 convalesceret,
906 4240 939 4299 in
968 4235 1017 4298 his
1053 4236 1148 4300 etiam
1176 4233 1202 4297 si
1236 4233 1293 4317 qui
1325 4232 1408 4295 forte

456 4338 568 4402 furtim
595 4360 650 4423 per
674 4338 824 4403 stationes
846 4336 985 4401 hostium
1009 4360 1068 4421 pro
1092 4334 1280 4420 colligendis
1302 4332 1411 4397 herbis
