3425 5367
1143 561 1163 594 O

311 721 380 770 css.
397 709 519 790 xxm]
663 728 920 775 eonsummcus.
1204 717 1265 778 147

307 877 392 942 euim
415 877 526 945 luisset
552 883 692 956 Samuel,
714 903 917 967 nequaquam
943 905 977 946 se
1003 880 1198 968 permisisset
1218 886 1260 951 ab

309 979 436 1045 bomine
456 980 593 1059 adorari,
617 983 674 1069 qui
696 983 871 1048 secundum
894 983 997 1070 legem
1018 985 1208 1059 crediderat,
1227 1000 1261 1050 et

306 1080 459 1148 docuerat
469 1105 568 1148 unum
580 1085 686 1148 Deum
698 1099 730 1149 et
747 1083 924 1150 Dominum
936 1084 1144 1152 adorandum.
1174 1088 1262 1150 Prae-

306 1197 392 1250 terea
406 1199 524 1252 sauctae
534 1189 649 1253 animm
659 1210 679 1250 a
692 1199 847 1272 potestate
861 1187 1073 1273 malignorum
1086 1187 1258 1274 spirituum

305 1300 463 1373 exemptas
477 1298 562 1351 snut.
606 1289 771 1351 Postremo
786 1288 912 1372 decepti
925 1289 1061 1352 bominis
1081 1311 1145 1352 non
1160 1288 1257 1353 fovis-

305 1401 352 1452 set
381 1410 533 1463 ermrem,
562 1387 651 1472 qnod
680 1409 753 1452 eum
783 1410 823 1450 ex
853 1389 1119 1474 subsequentibus
1147 1389 1257 1456 fecisse

304 1487 478 1572 colligitur.
522 1488 617 1554 Dixit
629 1500 737 1553 autem
759 1488 887 1552 Samuel
907 1489 948 1552 ad
974 1489 1120 1555 Saulem:
1150 1492 1257 1568 Quare

304 1589 493 1675 inquietasti
507 1612 559 1654 me
577 1600 616 1653 ut
638 1588 829 1654 suscitarer?
861 1589 944 1654 Haec
957 1603 1005 1653 est
1026 1590 1111 1654 enim
1124 1591 1259 1656 fraudu-

304 1689 402 1756 lentia
425 1690 635 1776 malignorum
659 1690 842 1777 spirituum,
858 1703 895 1755 ut
909 1690 1000 1776 quod
1025 1691 1111 1754 ultro
1124 1692 1258 1774 faciunt,

303 1805 336 1858 et
351 1793 476 1858 dictant
491 1792 673 1858 hominibus
686 1792 880 1870 faciendum,
893 1815 1026 1879 operose
1044 1793 1256 1875 dissimulent,

302 1908 341 1961 ut
356 1897 415 1962 hoc
429 1894 531 1962 facere
545 1894 715 1960 videantur
737 1895 840 1962 inviti.
884 1894 1043 1961 Simulant
1064 1919 1098 1959 se
1120 1908 1257 1978 coactos,

301 2011 335 2064 et
356 1999 449 2086 quasi
463 1998 708 2064 exorcismorum
725 1998 846 2064 virtute
868 2009 1029 2063 extractos
1043 1999 1191 2083 lingunt3
1221 2011 1255 2066 et

301 2123 367 2188 quo
392 2101 499 2166 minus
522 2112 706 2178 caveantur,
732 2099 922 2165 exorcismos
950 2101 1043 2186 quasi
1068 2100 1102 2164 in
1128 2101 1255 2166 nomine

301 2203 442 2279 Domini,
465 2203 577 2268 autin
603 2201 667 2268 lide
691 2202 852 2279 trinitatis,
877 2213 936 2266 aut
961 2203 1197 2280 iucarnationis,
1219 2216 1253 2268 et

299 2305 452 2392 passionis
481 2305 602 2369 virtute
630 2317 800 2390 conceptos
828 2317 1035 2390 componunt,
1059 2304 1254 2391 eosdemque

300 2406 483 2474 bominibus
517 2406 661 2486 tradunt,
688 2406 910 2478 exercentibus
937 2429 993 2470 eos
1022 2407 1254 2493 obtemperant,

299 2509 400 2575 donec
416 2531 470 2572 eos
491 2529 597 2573 secum
619 2508 749 2572 crimine
771 2507 937 2591 sacrilegii,
951 2520 985 2571 et
1005 2530 1102 2594 poena
1122 2509 1254 2574 damna-

300 2609 396 2674 tionis
421 2607 594 2674 involvant.
640 2607 886 2692 Transfigurant
909 2608 1007 2672 etiam
1032 2631 1067 2672 se
1090 2609 1254 2676 interdum

298 2713 332 2776 in
348 2707 477 2795 angelos
490 2709 582 2786 lucis,
596 2709 730 2774 honesta
748 2708 815 2772 sola
834 2707 1037 2794 praecipiunt,
1050 2709 1161 2774 illicita
1181 2732 1255 2796 pro-

299 2813 423 2891 bibent,
448 2809 638 2874 munditiam
665 2820 900 2884 consectantur,
925 2807 1121 2874 utilitatibus
1148 2810 1254 2896 provi·

299 2915 388 2992 deut,
400 2925 437 2980 ut
451 2911 542 2999 quasi
552 2911 628 2977 boni
642 2923 675 2976 et
691 2911 821 2998 propitii
832 2909 1022 2975 familiarius
1031 2911 1255 2995 admittantur,

299 3015 474 3082 audiantur
494 3013 674 3100 benignius,
696 3026 843 3078 amentur
864 3012 995 3092 arctius,
1007 3011 1134 3078 facilius
1153 3035 1252 3080 exau·

297 3118 447 3183 diantnr:
473 3115 618 3182 habitum
633 3139 761 3203 quoqne
775 3114 915 3180 induunt
928 3113 1156 3180 venembilium
1178 3138 1250 3203 per·

297 3241 457 3292 sonarum,
472 3229 509 3284 ut
522 3217 568 3283 eis
582 3219 683 3305 major
697 3229 730 3284 et
745 3219 924 3302 promptior
937 3217 1115 3282 reverentia
1127 3217 1250 3305 impen-

295 3319 402 3386 datur.
434 3322 482 3384 Et
495 3318 542 3383 ait
558 3318 651 3384 Saul:
677 3319 830 3382 Coarctor
843 3314 947 3379 nimis.
992 3314 1160 3402 Siquidem
1170 3316 1249 3382 Pbi·

296 3421 406 3488 listiim
422 3433 569 3508 pugnant
586 3419 755 3486 adversum
777 3439 838 3496 me,
853 3429 888 3481 et
905 3419 996 3482 Deua
1006 3417 1136 3482 recessit
1150 3439 1171 3482 a
1184 3439 1248 3497 me,

295 3535 328 3588 et
349 3522 503 3588 exaudire
523 3544 575 3586 me
589 3519 705 3595 noluit,
721 3540 826 3604 neque
838 3517 873 3582 in
888 3539 985 3582 mano
1003 3516 1247 3604 prophetarum,

294 3647 399 3712 neque
423 3647 481 3710 per
505 3626 637 3690 somnia.
691 3620 806 3686 Vocari
832 3642 911 3706 ergo
935 3631 978 3701 te,
1004 3631 1041 3686 ut
1064 3620 1247 3688 ostenderes

294 3728 372 3794 mihi
387 3726 465 3815 quid
480 3727 605 3792 faciam.
650 3727 701 3788 Ac
712 3723 738 3788 si
752 3737 864 3810 aperte
876 3722 980 3788 dicat:
998 3723 1040 3788 In
1052 3722 1247 3812 desperatio·

292 3829 342 3894 nis
355 3829 508 3914 abyssum
522 3823 742 3912 praecipitatus
755 3846 837 3888 sum.
879 3826 1074 3910 impugnant
1088 3823 1244 3906 homines,

291 3929 409 3994 deserit
431 3929 534 4004 Deus,
548 3939 581 3992 et
602 3949 664 4012 ego
683 3924 725 3988 ad
748 3937 791 4000 te,
806 3922 864 4010 qui
884 3922 918 3988 io
940 3923 1075 3989 veritate
1097 3924 1244 4014 utrimque

290 4029 461 4095 inimicaris
482 4025 646 4112 confugio,
663 4037 701 4088 ut
722 4022 814 4110 quasi
835 4021 949 4088 doctor
969 4020 1163 4110 discipulum
1183 4024 1243 4092 do·

291 4151 373 4206 oeas,
401 4127 481 4214 quid
509 4150 561 4192 me
590 4126 622 4192 in
652 4137 742 4192 tanta
774 4121 923 4208 angustia
954 4136 1101 4210 oporteat
1130 4123 1243 4192 iacere,

292 4229 380 4296 licet
395 4231 479 4294 enirn
503 4251 575 4294 eum
594 4227 649 4314 qni
674 4225 863 4312 loquebatur
885 4223 1028 4290 crederet
1051 4223 1242 4304 Samuelem,

292 4329 446 4398 tamenin
462 4331 595 4394 veritate
609 4341 678 4394 erat
692 4327 824 4414 angelus
842 4325 1002 4392 &thanas
1047 4326 1115 4390 Nec
1136 4327 1244 4412 potuit

743 4437 798 4494 tt
