3425 5367
313 763 382 808 can.
400 745 474 825 xia]
659 764 912 816 nonncmrrcns.
1224 752 1265 808 83

312 913 442 981 tissima
467 915 637 1000 passiones.
683 917 848 980 Somnium
873 939 948 979 vero
974 917 1064 1001 cujus
1088 916 1263 1001 appellatio

311 1017 484 1081 communis
505 1031 564 1092 est,
586 1017 658 1082 licet
681 1018 713 1080 in
736 1018 839 1104 specie
861 1020 991 1104 propria
1011 1031 1187 1094 censeatur,
1202 1041 1261 1103 per
1305 1102 1309 1107 Ι

310 1119 456 1205 quaedsm
479 1119 641 1185 involucra
664 1141 770 1185 rernm
792 1121 876 1208 gerit
900 1117 1065 1208 imagines,
1085 1122 1118 1184 in
1140 1120 1260 1207 quibus

308 1223 523 1310 conjectorum
551 1223 710 1310 praecipue
739 1224 907 1310 disciplina
932 1238 1088 1301 versatur,
1111 1235 1144 1287 et
1173 1247 1259 1288 nunc

310 1345 403 1388 snum
425 1326 585 1411 cujusque
609 1335 668 1403 est,
689 1347 775 1390 nunc
800 1322 950 1404 alienum,
971 1348 1057 1390 nunc
1081 1348 1261 1406 commune,

308 1427 468 1493 interdum
493 1427 669 1513 publicum,
695 1442 752 1492 aut
776 1429 922 1513 generale
943 1443 1000 1493 est.
1046 1429 1087 1491 In
1109 1428 1160 1492 his
1183 1451 1259 1492 vero

308 1529 457 1593 omnibus
478 1528 616 1614 qualitas
641 1551 861 1614 personarum,
884 1551 1002 1605 rerum,
1024 1543 1056 1593 et
1079 1543 1258 1614 temporum

310 1627 550 1713 diligentissime
570 1630 768 1695 observatur.
811 1633 861 1695 Ut
884 1633 969 1693 enim
992 1630 1037 1694 ait
1067 1634 1194 1706 Nestor,
1220 1631 1261 1694 de

311 1743 397 1796 statu
423 1731 553 1816 publico
583 1731 667 1818 regis
691 1731 840 1796 credatur
870 1733 1003 1813 somnio,
1025 1745 1083 1795 aut
1105 1732 1175 1818 ejus
1203 1735 1261 1817 qni

309 1833 532 1918 magistratum
551 1834 646 1920 gerit,
662 1833 713 1897 vel
733 1856 767 1897 re
788 1833 918 1920 quidem
935 1833 984 1896 vel
999 1835 1045 1897 rei
1061 1833 1164 1896 vicina
1177 1855 1261 1918 prae·

309 1935 532 2014 destinatione,
553 1949 610 2001 aut
633 1937 659 2002 si
682 1935 820 2022 publicae
842 1937 982 2002 fortuna
1004 1937 1133 2021 signnm
1153 1947 1260 1999 osten·

309 2061 381 2103 sum
405 2051 454 2104 est
478 2038 598 2116 multis,
625 2052 661 2104 ut
691 2039 724 2102 in
750 2061 788 2102 eo
817 2039 906 2126 quod
930 2039 1078 2126 pluribus
1106 2038 1259 2103 Romanis

308 2139 441 2217 civibus,
472 2141 645 2206 secundum
675 2141 831 2228 quosdam
863 2142 986 2228 Sibylla
1013 2144 1188 2228 interprete
1217 2140 1258 2204 de

310 2245 462 2330 mysterio
477 2243 711 2324 incarnationis,
725 2244 900 2309 revelatum
918 2245 1078 2310 scribitur.
1123 2245 1169 2307 Et
1185 2243 1258 2330 qni·

309 2344 381 2410 dem
396 2367 458 2410 non
473 2345 569 2410 modo
582 2345 816 2423 incarnationis,
826 2346 882 2410 sed
897 2345 1061 2431 passionis,
1072 2343 1259 2410 ascensionis

309 2463 380 2532 post
400 2447 673 2525 resurrectionem,
689 2446 844 2512 adventus
863 2470 993 2533 quoqne
1013 2446 1145 2511 secundi
1163 2446 1260 2511 iuter-

310 2571 393 2635 pres,
423 2549 556 2614 docente
581 2561 614 2613 et
638 2548 780 2613 dictante
803 2549 932 2633 spiritu,
957 2548 1108 2634 patefecit
1134 2572 1259 2626 arcana,

310 2651 392 2715 sicut
407 2653 439 2714 in
455 2651 602 2716 versibus
625 2649 790 2736 Sibyllinis
803 2649 970 2713 uranifeste
983 2650 1128 2735 reperies.
1173 2651 1259 2726 Quo-

308 2775 381 2817 rum
395 2753 495 2830 istud,
510 2755 593 2817 sicut
610 2751 643 2815 in
663 2751 825 2836 plerisque
843 2764 973 2835 patrum
994 2751 1160 2836 scripturis
1173 2751 1262 2814 inve·

310 2857 410 2930 nitur,
424 2854 555 2918 initium
570 2863 636 2916 est:

450 2961 546 3014 Jndicii
558 2962 671 3030 rignum,
684 2961 760 3014 tellus
773 2961 865 3014 sudore
875 2961 1033 3014 mandasset.

311 3058 344 3122 Si
362 3079 437 3122 vero
458 3056 562 3144 apices
583 3055 733 3143 capitales
755 3055 954 3142 singulorum
977 3079 1125 3121 versuum
1147 3080 1187 3121 ex
1210 3081 1259 3122 or-

309 3160 385 3226 dine
405 3159 650 3245 conjungantur,
666 3158 707 3223 ad
733 3158 989 3224 confundendam
1012 3158 1176 3245 perfidiam
1198 3165 1258 3227 Ju-

308 3263 451 3328 daeorum
478 3262 538 3327 boc
566 3262 727 3327 iuvenitur
752 3284 955 3347 expressum:
987 3263 1085 3326 Jesns
1111 3262 1260 3327 Christus

310 3361 394 3439 Θεὸς,
409 3359 533 3449 Σωτῆρι
557 3360 615 3425 nisi
640 3359 726 3447 quod
746 3360 778 3424 in
799 3359 910 3445 lingua
932 3360 1051 3424 Latina
1074 3361 1260 3423 Groecarum

307 3462 469 3530 literarum
487 3463 664 3549 proprietas
683 3459 723 3526 ad
744 3459 874 3547 plenum
890 3482 952 3524 non
968 3459 1076 3546 potuit
1089 3460 1260 3525 observari.

311 3565 405 3652 Ipsos
423 3587 499 3628 vero
514 3585 634 3644 versus,
656 3576 692 3627 nt
715 3562 839 3650 opinor,
858 3562 946 3649 apud
970 3563 1105 3628 Beatum
1128 3564 1261 3648 Augus·

309 3665 410 3730 tinum
434 3665 465 3730 in
489 3666 571 3731 libro
593 3665 633 3729 de
657 3666 795 3730 Ciuitate
822 3666 885 3730 Dei
905 3664 1055 3731 invenies.
1100 3667 1161 3730 Est
1183 3689 1260 3751 ergo

309 3768 451 3854 mysticae
465 3767 595 3834 visionis
609 3768 678 3854 ejus
692 3779 836 3854 caputet
851 3789 976 3832 summa
988 3767 1135 3848 intentio,
1145 3769 1258 3832 desum

308 3873 364 3956 qui
393 3869 672 3956 praefigurabatur,
702 3869 923 3934 indubitanter
956 3892 1024 3933 esse
1058 3869 1158 3932 lilium
1197 3870 1260 3932 Dei

309 3971 383 4049 vivi,
399 3971 559 4038 homiuem
575 3993 699 4051 rerum,
709 3971 852 4058 judicem
873 3969 1027 4047 omnium,
1042 3992 1149 4055 regem
1168 3983 1261 4034 aeter·

307 4095 395 4156 num,
407 4087 675 4140 remuneratorem
690 4071 885 4160 sperantium
897 4071 929 4135 in
946 4095 991 4152 se,
1001 4084 1161 4136 auctorem
1174 4071 1262 4152 vitae,

307 4193 339 4240 et
365 4187 492 4240 aterna
522 4173 732 4240 beatitudinis
762 4196 800 4237 ex
831 4173 937 4258 gratia
965 4171 1158 4258 largitorem.
1213 4177 1263 4238 Re

314 4277 444 4360 quidem
469 4277 519 4341 vel
542 4277 586 4341 rei
609 4276 713 4342 vicina
734 4275 1023 4363 praedestinatione,
1046 4274 1119 4340 ideo
1140 4275 1263 4338 dictum

313 4387 373 4453 est,
389 4378 465 4462 quia
480 4379 686 4464 magistratus
706 4401 791 4442 nunc
811 4399 951 4464 praesens
964 4376 1166 4458 intelligitur,
1182 4395 1267 4437 nunc

763 4488 822 4544 «32
