3425 5367
333 662 518 741 osanna]
680 682 934 729 marcasrrcus.
1221 670 1283 729 885

335 833 525 917 adjungens,
541 854 635 897 crura
653 834 726 918 ejus
740 845 773 898 et
787 854 914 911 manus,
928 855 1030 917 prope
1039 833 1109 918 jam
1124 844 1213 899 metu
1227 855 1285 898 ex·

334 934 590 1017 animati,lingue
597 937 712 999 leniter
720 936 882 1009 demulsit,
891 956 990 1019 quum
999 937 1097 999 homo
1105 936 1188 999 inter
1196 936 1286 999 illata

334 1038 452 1101 atrocis
479 1038 553 1101 ferre
583 1037 814 1113 blandimenta,
841 1038 994 1101 amissum
1024 1037 1166 1101 animum
1194 1058 1286 1101 recu·

334 1160 444 1223 perere
459 1149 578 1221 posset,
591 1150 625 1203 et
638 1138 695 1201 vix
709 1138 860 1221 paulatim
877 1139 988 1202 oculos
1003 1138 1045 1201 ad
1067 1138 1287 1201 contuendum

334 1241 460 1302 leonem
475 1241 604 1322 aperire.
642 1240 718 1302 Hoc
729 1260 765 1301 se
778 1240 887 1322 Apion
901 1240 935 1303 in
946 1239 1078 1302 urbanis
1093 1238 1287 1323 spectaculis

336 1341 450 1403 Βοωω
465 1340 582 1403 vidisse
595 1340 702 1418 refert,
716 1340 875 1424 adjiciens
898 1340 976 1425 quia
990 1352 1067 1405 tunc
1091 1340 1177 1405 facta
1195 1340 1288 1423 quasi

336 1440 555 1521 recognitione
575 1450 697 1518 mutus,
710 1442 815 1519 laetos,
828 1442 945 1525 inquit,
961 1441 1086 1505 videres
1105 1452 1139 1505 et
1152 1442 1287 1522 manda·

337 1540 467 1603 bundos
481 1542 608 1603 leonem
618 1552 651 1604 et
665 1542 839 1605 hominem.
877 1543 923 1605 Et
934 1542 1017 1605 hanc
1033 1544 1075 1605 ob
1087 1562 1167 1615 rem,
1179 1552 1212 1604 et
1223 1542 1289 1604 cla·

337 1662 443 1705 mores
454 1642 567 1725 populi
579 1644 750 1721 maximos,
760 1643 935 1707 accersitus
950 1643 1107 1707 esthemo
1119 1664 1138 1706 a
1150 1642 1289 1720 Caesme,

339 1756 372 1807 et
386 1763 482 1827 quare
495 1743 542 1805 illi
554 1743 611 1805 uni
622 1744 841 1807 atrocissimus
852 1746 905 1807 leo
918 1744 1108 1828 pepercerit,
1121 1744 1291 1824 diligenter

339 1844 511 1927 quaesitum
526 1856 584 1907 est.
627 1845 687 1907 Ille
702 1845 814 1929 utique
828 1866 895 1908 rem
910 1844 1077 1909 mirificam
1090 1864 1222 1908 narrans
1236 1842 1290 1906 ait

340 1945 449 2016 Quum
463 1944 661 2026 provinciam
673 1946 811 2009 Aliicam
823 1948 1043 2029 proconsulari
1054 1946 1188 2029 imperio
1201 1964 1292 2007 meus

340 2044 490 2108 dominus
505 2046 672 2122 obtineret,
683 2066 744 2127 ego
758 2047 804 2109 ibi
819 2048 939 2131 iniquis
954 2048 1034 2131 ejus,
1049 2058 1082 2111 et
1096 2044 1292 2131 quotidianis

341 2146 533 2223 verberibus,
552 2146 594 2209 ad
617 2147 725 2229 sugam
749 2158 881 2211 coactus
903 2168 985 2228 sum,
1005 2160 1038 2213 et
1059 2168 1124 2231 quo
1146 2146 1225 2209 mihi
1246 2148 1292 2211 la·

340 2250 440 2312 tebrae
460 2258 553 2311 terrm
572 2248 659 2310 illius
677 2248 782 2312 forent
801 2270 822 2311 a
841 2249 973 2313 domino
993 2249 1135 2324 tutiores,
1150 2248 1185 2311 ln
1205 2268 1290 2311 cam·

341 2370 455 2431 porum
479 2362 512 2411 et
532 2369 697 2411 menarum
720 2348 913 2411 solitudines
935 2350 1090 2413 concessi.
1135 2350 1181 2413 Et
1201 2349 1294 2433 quasi

342 2450 432 2513 aliud
447 2449 613 2522 defuisset,
628 2448 799 2513 consilium
813 2448 875 2511 fuit
887 2468 1082 2531 quocunque
1101 2448 1197 2511 modo
1213 2470 1294 2513 mor·

344 2562 409 2615 tem
431 2560 548 2634 petere.
585 2551 693 2622 Quum
714 2550 821 2634 itaque
841 2551 909 2613 sole
929 2548 1037 2612 medio
1057 2548 1169 2633 rapido
1190 2558 1223 2612 et
1238 2550 1294 2612 fla·

345 2652 458 2733 granti,
477 2648 635 2734 quandam
657 2671 717 2733 pro
737 2662 881 2733 tempore
904 2670 1033 2713 caream
1054 2660 1168 2713 nactus
1190 2671 1293 2715 essem

343 2754 546 2829 latebrosam,
566 2752 599 2813 in
624 2772 694 2815 earn
720 2762 866 2835 penetro,
887 2770 1003 2835 meque
1029 2750 1179 2815 recondo.
1223 2753 1294 2815 Nec

345 2851 448 2917 multo
462 2864 535 2935 post
552 2851 594 2915 ad
613 2851 753 2916 eundem
775 2872 908 2934 specum
929 2852 1016 2915 venit
1035 2850 1088 2913 hic
1105 2851 1169 2926 leo,
1184 2851 1295 2927 debili,

346 2964 380 3019 et
399 2965 544 3031 cruento,
565 2964 597 3017 et
618 2953 741 3017 crudeli
761 2953 857 3038 pede,
880 2954 1016 3036 gemitus
1035 2950 1136 3016 edens
1157 2964 1191 3016 et
1211 2974 1295 3016 mur·

347 3077 446 3131 mura,
471 3054 613 3118 dolorem
639 3056 879 3138 cruciatumque
908 3055 1047 3118 vulneris
1073 3054 1298 3137 ingemiscens,

347 3178 422 3221 cum
436 3156 619 3219 miserantia
632 3156 788 3219 auditoris
801 3157 830 3219 si
845 3156 918 3240 quis
933 3156 1067 3220 adesset.
1110 3159 1217 3242 Atque
1230 3158 1296 3220 illio

346 3258 451 3341 primo
473 3256 603 3340 quidem
624 3266 804 3340 conspectu
824 3256 1024 3320 advenientis
1045 3258 1149 3320 leonis
1171 3258 1297 3321 territus

348 3380 430 3436 sum,
452 3370 485 3423 et
505 3358 596 3441 quasi
617 3368 686 3421 toto
708 3357 817 3421 animo
839 3368 1073 3421 consternatus.
1118 3356 1185 3423 Sed
1209 3368 1296 3443 post·

349 3482 447 3545 quam
466 3462 678 3541 introgressus
696 3461 759 3534 leo,
779 3459 827 3523 uti
844 3480 894 3523 res
913 3460 986 3543 ipsa
1009 3460 1169 3543 apparuit,
1187 3462 1222 3523 in
1241 3461 1298 3524 ha·

349 3562 526 3625 bitsculum
540 3558 621 3623 illud
636 3580 742 3641 suum,
755 3580 806 3623 rue
824 3560 912 3623 ridet
932 3560 1112 3642 ingressum
1128 3563 1252 3643 procul,
1265 3574 1300 3626 et

351 3662 602 3737 delitescentem,
624 3663 712 3725 mitis
733 3672 768 3726 et
788 3674 975 3725 mansuetus
1000 3663 1146 3739 accessit,
1167 3674 1200 3725 et
1224 3665 1297 3726 sub·

350 3763 451 3824 latum
463 3758 579 3843 pedem
594 3761 763 3825 ostendere
777 3763 867 3840 milri,
883 3772 915 3827 et
929 3762 1089 3845 porrigere
1103 3763 1176 3845 opis
1190 3764 1300 3843 gratia,

351 3860 440 3923 visus
460 3871 517 3922 est
563 3857 629 3933 lbi,
649 3861 766 3945 inquit,
787 3882 849 3942 ego
871 3862 1014 3943 stipitem
1035 3862 1209 3942 ingentem,
1232 3882 1300 3925 ves·

351 3960 430 4042 tigio
458 3957 551 4043 pedis
578 3956 649 4041 ejus
676 3959 862 4034 herentem,
891 3960 1017 4033 revulsi,
1046 3970 1301 4044 conceptamque

352 4060 475 4125 saniem
499 4058 629 4121 vulnere
652 4057 768 4121 intimo
792 4058 947 4141 expressi,
969 4013 1213 4143 assumamque
1232 4060 1300 4145 jam

354 4160 423 4224 sine
451 4180 569 4241 magns
596 4156 766 4223 formidine
795 4160 916 4223 siccavi
944 4160 1085 4243 penitus,
1109 4180 1301 4245 omnemque

354 4260 469 4325 detersi
498 4281 651 4325 errrorem.
705 4262 764 4325 llle
794 4274 871 4325 tunc
900 4282 971 4325 mea
996 4282 1094 4347 opera
1118 4274 1151 4327 et
1176 4262 1302 4327 medela
