3425 5367
313 767 389 816 oar.
405 753 493 834 vua]
661 771 914 816 aonroaamous.
1205 755 1268 814 245

311 941 412 1005 quum
427 921 629 1005 exigentibus
639 921 743 1008 culpis
754 921 894 986 vindicta
904 919 1097 1007 exposcitur,
1108 941 1146 984 ea
1161 936 1267 984 tamen

312 1022 436 1106 peragit
457 1021 559 1088 invita
576 1021 700 1087 dextra.
745 1023 910 1088 Sinistrum
929 1043 1068 1108 namque
1086 1043 1148 1086 uon
1169 1019 1266 1084 babet

311 1120 468 1210 princeps,
485 1136 517 1189 et
538 1123 570 1187 in
591 1123 734 1189 cruciatu
758 1125 972 1189 membrorum
995 1127 1147 1210 corporis,
1169 1122 1262 1210 cujus

310 1218 378 1305 ipse
386 1237 484 1309 caput
494 1235 554 1299 est,
566 1223 628 1309 legi
640 1224 740 1290 tristis
751 1236 783 1289 et
792 1247 922 1309 gemens
932 1223 1116 1290 famulatur.
1139 1223 1261 1309 Philip·

310 1341 371 1405 pus
385 1345 486 1408 quum
501 1324 642 1389 audisset
659 1325 808 1410 Phytiam
824 1323 985 1410 quendam
1000 1323 1120 1389 bouum
1136 1345 1263 1410 pugna·

308 1430 420 1497 torem,
432 1422 603 1488 alienatum
619 1423 725 1487 animo
739 1424 813 1504 sibi,
823 1423 911 1509 quod
927 1437 991 1488 tres
1007 1422 1085 1488 filias
1099 1423 1191 1508 inops
1206 1424 1259 1488 vix

308 1520 417 1597 aleret,
431 1545 488 1588 nec
502 1547 521 1588 a
535 1547 610 1611 rege
630 1524 848 1611 adjuvaretur,
863 1525 1066 1590 monentibus
1085 1524 1209 1603 amicis,
1225 1537 1262 1589 ut

307 1645 380 1687 eum
407 1639 549 1691 caveret:
585 1627 684 1705 Quid,
708 1624 814 1713 inquit
846 1627 1027 1714 Philippus,
1054 1625 1080 1690 si
1109 1624 1257 1689 haberem

306 1739 429 1810 partem
445 1728 584 1814 corporis
601 1751 731 1815 aegram,
746 1729 1018 1794 abscinderem-ne
1033 1727 1151 1814 potius,
1165 1749 1260 1812 quam

306 1831 475 1891 curarem?
505 1827 631 1892 Deinde
652 1828 850 1894 familiariter
871 1841 991 1894 secreto
1010 1827 1149 1894 elicitum
1174 1828 1261 1914 Phy-

306 1931 397 2005 tiam,
412 1942 542 2015 accepta
556 1929 745 1994 difficultate
763 1929 984 1994 necessitatum
1005 1927 1262 2010 domesticarum,

307 2027 441 2111 pecunia
456 2028 647 2094 sufficienter
661 2029 825 2108 instruxit,
841 2051 879 2093 ac
893 2028 1053 2092 meliorem
1069 2028 1259 2094 fideliorem-

304 2151 369 2214 que
380 2128 504 2210 babuit,
513 2153 609 2217 quam
618 2131 725 2196 fuerat
734 2145 906 2218 autequam
918 2130 1100 2196 crederetur
1110 2130 1258 2198 offensus.

306 2229 352 2294 Ut
368 2231 451 2295 enirn
467 2231 512 2297 ait
534 2231 668 2311 Lucius,
682 2231 863 2318 Principem
884 2253 988 2295 senem
1009 2229 1152 2296 moribus
1174 2241 1258 2296 esset

304 2344 444 2418 oportet,
455 2347 487 2396 et
502 2333 559 2419 qui
571 2333 782 2398 moderatiora
796 2344 950 2418 sequatur
964 2331 1104 2411 consilia,
1113 2343 1146 2397 et
1157 2332 1258 2397 vicem

304 2455 414 2516 gerere
428 2433 634 2513 medicorum,
645 2435 703 2520 qui
719 2435 847 2499 morbos
862 2445 986 2510 curant,
999 2455 1084 2497 nunc
1099 2453 1140 2498 ex
1155 2433 1258 2498 inani·

306 2534 393 2598 tione
402 2533 435 2596 iu
450 2535 598 2620 oppletis,
606 2557 690 2600 nunc
701 2535 872 2600 relectione
881 2533 913 2598 in
925 2533 1050 2608 vacuis;
1072 2546 1105 2598 et
1116 2533 1256 2600 dolorem

302 2631 415 2697 sedam
431 2655 516 2697 nunc
530 2635 682 2710 cauterio,
697 2656 782 2699 nunc
796 2634 956 2699 fomentis.
996 2634 1155 2700 Praeterea
1170 2633 1211 2698 sit
1226 2633 1260 2700 in

305 2737 402 2799 verbo
416 2733 563 2812 affabilis,
574 2735 741 2802 munificus
754 2736 787 2799 in
803 2734 976 2812 beneficiis,
988 2745 1020 2799 et
1035 2734 1168 2819 integrae
1183 2757 1258 2802 auc-

303 2834 452 2915 toritatis,
466 2849 569 2901 servet
584 2839 616 2900 iu
632 2837 775 2902 moribus
788 2835 988 2922 dignitatem.
1021 2835 1153 2900 Famam
1169 2857 1256 2900 nam-

304 2959 370 3021 que
399 2935 605 3022 benignitatis
632 2935 779 3001 conciliat
810 2958 915 3001 sermo
943 2935 1056 3016 bonus
1085 2949 1117 3002 et
1146 2937 1257 3022 lingua

303 3037 452 3121 gratiosa.
496 3041 644 3102 Amorem
663 3037 882 3104 fidelissimum
902 3051 935 3102 et
956 3036 1256 3118 constantissimum,

302 3135 398 3200 etiam
425 3159 445 3200 a
469 3135 653 3202 durioribus
681 3151 876 3224 extorquent
905 3137 1070 3215 beneficia,
1095 3150 1127 3202 et
1159 3159 1254 3224 quem

302 3238 415 3314 fecere,
424 3237 536 3304 fovent
547 3251 579 3304 et
591 3238 738 3305 solidant.
765 3240 810 3304 Et
821 3261 946 3303 morum
958 3238 1108 3323 dignitati
1119 3238 1256 3306 debetur

301 3338 478 3404 reverentia
500 3339 714 3403 subditorum.
757 3339 899 3425 Egregie
922 3338 1053 3424 quidem
1080 3339 1253 3424 Trajauus,

300 3439 468 3526 gentilium
504 3441 648 3526 optimus
676 3445 910 3525 Augustorum,
938 3439 1146 3524 arguentibus
1180 3463 1252 3508 eum

302 3541 421 3618 amicis,
444 3540 532 3627 quod
555 3541 588 3604 in
614 3561 724 3604 omues
744 3539 891 3616 nimium,
914 3552 946 3606 et
970 3538 1174 3626 ultraquam
1196 3541 1254 3606 im-

301 3653 477 3725 peratorem
508 3641 635 3722 deceat,
658 3639 836 3706 communis
866 3653 958 3720 esset,
988 3639 1171 3726 respondit:
1213 3644 1254 3708 Se

302 3743 398 3804 talem
419 3739 500 3804 velle
521 3740 744 3826 imperatorem
768 3763 836 3806 esse
855 3739 1003 3825 privatis,
1019 3740 1130 3826 quales
1153 3742 1253 3826 impe-

302 3853 424 3906 ratores
445 3839 505 3904 sibi
527 3862 605 3917 esse,
619 3840 766 3926 privatus
787 3853 939 3926 optasset.
985 3839 1080 3905 Unde
1095 3853 1126 3904 et
1149 3841 1253 3908 relatu

302 3939 399 4007 Plinii
425 3940 562 4006 Secundi
591 3940 786 4018 admonitus,
811 3940 870 4026 qui
901 3951 978 4004 tunc
1009 3939 1093 4004 inter
1121 3953 1253 4008 caeteros

297 4040 423 4124 judiees
437 4054 652 4128 persequutor
674 4041 829 4106 Ecclesiae
850 4039 1028 4106 destinatus
1042 4056 1121 4118 erat,
1137 4065 1157 4106 a
1178 4066 1253 4110 nece

302 4155 479 4227 martyrum
501 4142 758 4229 persequutionis
774 4141 917 4228 gladium
935 4164 1095 4222 revocans,
1111 4143 1251 4211 edictum

301 4243 500 4328 temperavit.
536 4245 581 4308 Et
593 4243 676 4308 sorte
687 4266 760 4308 cum
772 4242 922 4308 fidelibus
933 4243 1047 4327 egisset
1061 4243 1179 4322 mitius,
1192 4246 1250 4311 uisi

299 4341 496 4408 decessorum
509 4366 640 4410 suorum
655 4345 780 4430 legibus
790 4359 823 4410 et
836 4343 1000 4430 exemplis,
1011 4358 1042 4410 et
1053 4345 1250 4430 prudentum
