3425 5367
333 709 403 754 csr.
419 693 503 772 aru]
681 707 935 754 eotrcuarrous.
1222 693 1285 754 215

331 861 406 924 tiam
425 861 580 924 minueret
603 881 769 943 processus
787 859 903 938 aetatis,
917 858 1114 945 respondisse
1136 857 1280 924 dicatur:

332 961 525 1047 Hujusmodi
541 960 724 1025 hominibus
743 961 898 1026 debemus
922 961 1031 1037 risum,
1047 959 1138 1025 nobis
1161 983 1282 1024 correc-

328 1062 457 1139 tionem,
479 1061 534 1126 sed
556 1085 683 1148 poenam
710 1062 895 1127 criminosis.
941 1063 1023 1128 Nam
1049 1062 1090 1126 de
1115 1062 1194 1126 Tito
1216 1061 1282 1125 filio

328 1165 398 1250 ejus
421 1164 500 1250 quid
515 1164 644 1229 dicam?
674 1166 732 1250 qui
749 1166 849 1252 patris
865 1164 1029 1230 avaritiam
1055 1176 1145 1229 tanto
1168 1163 1282 1228 libera·

327 1264 418 1331 litate
432 1265 596 1352 purgavit,
612 1281 649 1329 ut
665 1287 754 1329 amor
768 1280 799 1330 et
815 1265 937 1330 deliciae
953 1265 1085 1329 humani
1102 1263 1226 1350 generis
1241 1264 1281 1328 ab

327 1367 475 1431 omnibus
489 1366 660 1442 diceretur,
676 1367 929 1431 constantissime
948 1379 1058 1430 tenens
1072 1366 1104 1429 in
1126 1365 1280 1442 moribus,

327 1489 478 1553 nequem
491 1466 675 1552 postulandi
695 1466 799 1552 gratia
813 1466 853 1530 ad
878 1490 909 1530 se
933 1466 1144 1541 accedentem,
1160 1466 1225 1530 sine
1248 1487 1282 1528 re

328 1573 381 1634 vel
396 1590 462 1653 spe,
478 1590 671 1653 quocunque
685 1567 782 1630 modo
796 1567 982 1632 dimitteret.
1027 1568 1125 1632 Unde
1147 1567 1281 1632 interro-

326 1669 479 1755 gantibus
504 1669 695 1744 domesticis,
726 1691 783 1734 cur
814 1669 909 1755 plura
939 1667 1152 1754 polliceretur,
1182 1689 1279 1755 quam

327 1784 480 1857 proestare
501 1783 617 1858 posset,
637 1771 818 1856 respondit:
850 1793 913 1834 nou
937 1783 1063 1856 oportet
1087 1791 1281 1856 quemquam

327 1893 347 1935 a
361 1893 503 1935 sermone
518 1871 672 1957 principis
687 1874 808 1936 tristem
824 1869 997 1936 discedere.
1043 1871 1135 1934 Idem
1152 1893 1281 1957 quoque

326 1972 512 2038 recordatus
527 1995 623 2057 super
638 1993 772 2048 coenam,
785 1971 873 2059 quod
890 1972 968 2036 nihil
980 1985 1048 2038 tota
1062 1971 1114 2036 die
1129 1973 1280 2058 cuiquam

326 2071 537 2155 praestitisset,
551 2071 662 2136 dolens
683 2086 714 2136 et
730 2095 860 2157 gemens
882 2073 984 2138 dixit:
1016 2075 1045 2136 Ο
1068 2072 1172 2150 amici,
1195 2071 1280 2136 hunc

327 2172 411 2236 diem
434 2172 570 2259 perdidi.
614 2176 718 2248 Quem
734 2178 766 2238 in
782 2175 849 2238 vita
864 2173 1043 2250 offenderit,
1060 2197 1080 2238 a
1095 2173 1280 2260 Hierosoly·

325 2296 449 2338 morum
465 2297 609 2338 reversus
623 2275 759 2352 excidio,
775 2274 917 2338 nondum
935 2275 1014 2360 legi:
1043 2287 1075 2340 et
1090 2275 1173 2339 forte
1188 2274 1279 2338 illum

324 2375 481 2439 vindicem
504 2375 704 2452 innocentiae,
728 2389 760 2440 et
782 2375 925 2440 crucifixi
948 2376 1166 2461 redemptoris,
1182 2377 1278 2462 elegit

327 2476 497 2555 Dominus,
511 2479 568 2561 qui
590 2476 744 2561 populum
768 2489 963 2540 excoecatum
986 2476 1133 2542 incolumi
1158 2480 1278 2542 consci-

324 2574 410 2638 entia
424 2595 486 2637 non
501 2574 597 2638 modo
608 2575 800 2650 innocenter,
814 2575 870 2639 sed
887 2588 919 2638 et
931 2571 1076 2660 religiose
1087 2574 1278 2659 deprimeret

326 2689 359 2739 et
380 2675 510 2741 deleret.
554 2680 680 2742 Nactus
701 2677 818 2740 etenim
846 2676 968 2754 horam,
989 2697 1055 2760 qua
1081 2675 1279 2738 moriendum

327 2789 405 2851 erat,
415 2799 515 2861 quum
526 2776 637 2840 lectica
646 2777 826 2854 veheretur,
836 2776 1014 2862 suspexisse
1023 2775 1279 2854 dieiturcoelum,

325 2876 531 2962 multumque
542 2889 738 2964 conquestus
749 2891 808 2958 est,
818 2876 899 2962 eripi
911 2876 971 2941 sibi
983 2878 1082 2942 vitam
1093 2877 1278 2942 immerenti.

326 2982 441 3064 Neque
463 2978 546 3042 enim
573 2993 683 3043 extare
708 2979 810 3044 ullum
834 2979 955 3042 factum
979 3001 1082 3059 suum,
1106 2980 1194 3064 quod
1217 2978 1278 3044 sibi

323 3078 544 3165 poeniteodum
559 3093 640 3145 esset
662 3093 799 3167 excepto
820 3102 884 3146 uuo
906 3079 1073 3146 duntaxat.
1119 3080 1159 3146 Id
1182 3079 1278 3166 quale

323 3179 432 3256 suerit,
448 3201 506 3246 nec
519 3182 589 3268 ipse
603 3195 682 3247 tunc
703 3181 858 3268 prodidit,
874 3203 976 3268 neque
992 3183 1141 3268 cuiquam
1164 3195 1276 3247 notum

322 3281 397 3348 tuit.
442 3279 529 3360 Quid
554 3284 595 3348 de
620 3284 773 3370 patientia
799 3284 896 3368 hujus
920 3284 1044 3368 loquar,
1068 3283 1162 3368 cujus
1188 3295 1277 3348 tanta

322 3385 502 3470 benignitas
527 3401 607 3465 erat,
633 3400 670 3451 ut
700 3407 758 3450 sua
786 3385 915 3471 injuria,
942 3384 1020 3450 dum
1045 3408 1065 3448 a
1093 3383 1276 3450 concivibus

321 3487 506 3565 abstineret,
536 3488 591 3551 vix
620 3487 762 3552 crederet
797 3507 992 3572 quemquam
1025 3507 1116 3572 posse
1145 3485 1275 3550 moveri.

324 3588 442 3654 Tantae
457 3589 615 3674 siquidem
630 3587 792 3654 civilitatis
815 3601 848 3652 et
872 3587 1081 3652 humanitatis
1095 3587 1127 3650 in
1142 3587 1275 3672 imperio

323 3689 396 3770 tuit,
412 3709 449 3754 ut
463 3691 612 3755 omnibus
634 3690 794 3777 prodesse,
809 3689 1001 3774 nullumque
1024 3687 1136 3775 punire
1160 3687 1275 3753 studu-

324 3790 403 3871 erit;
428 3791 589 3855 convictos
604 3791 831 3876 conjurationis
844 3801 957 3854 contra
969 3812 1001 3852 se
1012 3789 1133 3853 dimisit
1148 3788 1274 3867 illoesos,

324 3905 354 3956 et
369 3891 400 3955 in
416 3891 582 3978 pristinam
597 3891 845 3956 familiaritatem
855 3890 995 3958 admisit.
1036 3890 1146 3956 Sedet
1164 3893 1274 3956 Domi·

324 3991 441 4069 tianus,
455 3993 513 4078 qui
536 3993 754 4078 gravissimam
776 3991 1023 4056 Theomachiam
1038 3993 1180 4058 exercuit
1204 4005 1277 4078 post

326 4091 496 4172 Neronem,
512 4095 610 4180 hujus
630 4094 756 4159 virtutis
779 4093 901 4178 aliquid
927 4094 1118 4180 plerumque
1141 4094 1275 4160 indulsit

324 4194 459 4270 civibus,
475 4195 547 4258 licet
563 4196 596 4258 in
611 4219 665 4258 eos
679 4195 778 4281 gratis
796 4193 990 4281 quandoque
1005 4196 1165 4274 insaniret,
1182 4197 1275 4260 homo

326 4295 453 4380 quidem
473 4319 702 4382 usquequaque
718 4297 851 4374 inutilis,
863 4309 894 4361 et
910 4297 968 4381 qui
983 4297 1061 4362 nihil
1076 4297 1163 4361 aliud
1180 4299 1275 4362 habe-
