3425 5367
428 716 469 773 st
684 726 821 772 scamus
837 724 1115 772 saansaamrnsrs
1256 708 1342 782 [nm.
1357 726 1381 770 1.

744 875 862 928 bissenos
871 873 993 929 laetantes
1004 891 1066 927 aere
1076 891 1174 943 cygnos

431 978 578 1043 reducem
594 977 725 1043 classem
742 977 867 1055 AEneae,
884 978 1016 1042 Veneris
1030 976 1182 1041 vaticinio
1195 976 1382 1042 nunciasse?

432 1080 553 1144 Eomm
577 1100 714 1164 namque
743 1077 887 1143 hilaritas
915 1100 985 1141 uon·
1008 1076 1104 1141 modo
1127 1078 1247 1160 nautis,
1270 1078 1327 1144 sed
1350 1090 1383 1143 et

432 1181 613 1269 quibusque
637 1180 915 1267 peregrinantibus
939 1179 1081 1244 felicium
1106 1194 1281 1246 eventuum
1310 1203 1383 1266 gra·

433 1286 511 1349 tiam
526 1282 672 1369 spondet,
684 1282 744 1347 nisi
756 1281 897 1347 fortioris
908 1294 1078 1368 superetur
1087 1281 1239 1347 adventu
1267 1281 1385 1368 Aquila

362 1382 375 1401 “
433 1408 571 1472 namque
586 1386 668 1450 sicut
691 1408 748 1449 rex
770 1385 878 1449 avium
899 1386 1000 1462 est,si
1021 1406 1085 1448 non
1106 1384 1276 1449 alarionem
1298 1383 1385 1449 exci-

434 1488 514 1575 pias,
537 1511 611 1574 quae
634 1488 718 1552 forte
743 1487 923 1574 aquilarum
946 1486 1065 1573 species
1085 1487 1306 1573 potentissima
1326 1499 1386 1566 est,

434 1590 524 1677 regui
539 1591 589 1655 sui
604 1591 769 1677 majestate
779 1590 921 1655 omnium
934 1589 1053 1670 avium,
1063 1590 1090 1655 si
1101 1604 1213 1655 contra
1222 1590 1385 1676 loquatur,

434 1692 530 1758 fidem
560 1705 702 1759 evacuat.
758 1695 914 1759 Potuerat
943 1692 1031 1779 apud
1062 1692 1201 1757 Statium
1228 1692 1385 1779 praesagio

434 1794 601 1859 volucrum
619 1796 804 1860 Graecorum
827 1793 987 1858 exercitus
1007 1794 1191 1859 confortari.
1235 1794 1300 1861 Sed
1321 1794 1386 1857 for·

433 1898 496 1963 tior
520 1920 592 1961 ecce
617 1896 792 1961 adventans
814 1918 872 1983 per
896 1896 990 1960 inane
1013 1896 1146 1961 cohors:
1186 1896 1384 1983 Amphiarao

434 1998 619 2084 interprete,
649 2001 836 2063 Graecorum
874 2020 1005 2084 quoque
1040 1998 1186 2076 exitium,
1222 1998 1383 2086 patefecit.

436 2100 529 2165 Licet
554 2099 637 2163 enim
663 2099 770 2185 aquila
792 2098 993 2185 quarundam
1016 2100 1125 2165 avium
1146 2100 1269 2165 viribus
1294 2123 1386 2187 supe·

436 2215 537 2279 retur,
566 2201 599 2265 in
629 2200 901 2287 praenunciatione
930 2199 996 2265 veri
1021 2202 1110 2266 nulla
1139 2202 1301 2289 potentior
1327 2213 1384 2267 est.

438 2302 571 2369 Cunctis
599 2302 755 2391 siquidem
785 2304 899 2368 avibus
928 2303 1133 2369 excellentius
1161 2305 1259 2381 volat,
1284 2317 1317 2369 et
1345 2303 1386 2369 ab

436 2405 536 2491 ipsius
552 2405 646 2472 Jovis
668 2428 782 2471 arcano
796 2428 960 2492 nunquam
977 2405 1170 2472 excluditur.
1215 2409 1387 2493 Quumque

437 2520 527 2573 tanto
555 2506 642 2573 visus
670 2507 814 2572 acumine
839 2507 947 2595 vigere
971 2507 1107 2586 dicatur,
1134 2521 1172 2575 ut
1196 2510 1238 2574 ab
1268 2510 1385 2576 aethere

437 2632 561 2674 summo
582 2608 750 2695 pisciculos
771 2608 804 2674 in
826 2610 930 2675 fundo
951 2612 1047 2675 maris
1072 2623 1272 2688 contueatur,
1296 2623 1329 2675 et
1354 2610 1387 2675 iu

436 2710 543 2798 ipsum
565 2714 673 2787 solem,
690 2711 777 2799 quod
800 2712 881 2777 nulli
902 2712 1110 2778 animantium
1130 2713 1215 2793 licet,
1227 2711 1306 2797 figat
1327 2712 1385 2775 ob-

437 2825 556 2892 tutum,
580 2837 729 2879 sensuum
752 2815 883 2901 quidem
907 2815 1083 2882 subtilitate
1104 2816 1146 2881 de
1168 2813 1262 2879 Jovis
1282 2812 1386 2899 gratia

438 2916 659 2980 conscientiam
680 2916 824 2982 veritatis
842 2940 1015 3002 rerumque
1036 2919 1188 3003 mysteria
1208 2929 1386 2982 mutuatur.

439 3017 519 3094 Quis
540 3016 622 3080 enim
645 3016 760 3079 falsum
781 3016 986 3101 interpretem
1010 3018 1107 3095 dicat,
1128 3042 1225 3104 quem
1247 3018 1390 3083 oonsilio-

439 3140 511 3182 rum
534 3118 626 3182 Jovis
648 3116 737 3181 novit
759 3140 825 3205 csse
847 3118 1059 3205 participem?
1104 3120 1216 3183 Locris
1237 3120 1390 3186 adversus

441 3220 663 3285 Crotonienses
686 3218 925 3297 dimicantibus,
948 3219 1057 3307 aquila
1081 3218 1158 3283 dum
1185 3221 1392 3306 pugnabatur

438 3323 643 3411 supervolans
658 3322 823 3388 victoriam
839 3322 959 3387 dicitur
973 3322 1156 3399 contulisse,
1172 3343 1274 3408 quum
1294 3322 1389 3408 pauci

440 3448 571 3491 numero
586 3426 760 3490 deleverint
775 3426 926 3491 infinitos.
956 3427 1030 3488 Hoc
1044 3437 1150 3489 tamen
1167 3422 1311 3490 validiori
1327 3424 1391 3511 sig·

441 3550 483 3591 no
498 3527 649 3591 scribitur
671 3527 868 3602 roboratum,
884 3550 922 3590 co
944 3526 1032 3613 quod
1048 3525 1115 3590 duo
1132 3528 1267 3612 juvenes
1281 3550 1391 3612 proce·

441 3627 532 3691 rioris
548 3639 691 3702 staturae,
707 3626 910 3710 elegantioris
924 3628 1046 3709 formae,
1060 3628 1093 3692 iu
1115 3626 1252 3693 candido
1265 3628 1390 3709 habitu,

443 3728 484 3794 ab
508 3740 644 3814 utroque
667 3726 764 3792 latere
788 3728 909 3793 Locros
934 3729 1173 3815 praecesserint3
1205 3728 1333 3806 scilicet,
1356 3743 1393 3795 ut

444 3843 511 3894 erat
527 3828 701 3895 communis
715 3828 833 3914 opinio,
846 3832 961 3895 Castor
975 3843 1007 3894 et
1022 3830 1150 3895 Pollux.
1189 3832 1305 3894 Omina
1319 3852 1395 3893 vero

445 3929 627 4017 hujusmodi
643 3952 743 4015 quum
759 3930 964 4013 geminantur
979 3932 1159 4018 potentiora
1173 3944 1258 3997 sunt.
1302 3934 1391 3996 Dum

446 4032 559 4107 Hiero,
583 4032 622 4095 de
646 4054 710 4117 quo
736 4054 844 4117 supra,
868 4033 971 4118 prima
996 4032 1078 4097 bella
1097 4033 1203 4112 iniret,
1224 4032 1333 4118 aquila
1353 4054 1393 4095 ex

444 4132 617 4218 improviso
652 4131 768 4196 resedit
805 4132 839 4197 in
877 4134 990 4219 clypeo
1018 4134 1263 4220 progredientis,
1296 4154 1391 4196 manu

445 4248 628 4323 promptum
653 4257 824 4321 regemque
849 4234 996 4299 futurum
1023 4234 1211 4318 significans.
1262 4236 1313 4297 Ea
1341 4233 1393 4297 die

446 4350 618 4428 quamtus
637 4352 684 4402 cst
702 4336 896 4416 Alexander,
916 4337 990 4403 duae
1012 4337 1129 4423 aquilae
1148 4350 1217 4402 tota
1240 4336 1293 4402 die
1313 4359 1394 4422 prae-
1428 4397 1430 4401 .
