3425 5367
473 750 537 809 228
738 759 873 804 Jonnsrs
890 756 1169 800 sanesnnnrnums
1288 737 1369 816 [nin.
1387 753 1429 798 ιν.

476 927 606 988 terram,
622 933 717 997 quam
734 909 893 972 Dominus
914 911 1003 971 Deus
1018 906 1107 971 dabit
1123 907 1239 984 rihtet
1256 904 1430 989 possederis

476 1036 557 1090 eam,
579 1009 836 1094 habitaverisque
863 1009 894 1071 in
922 1005 987 1083 illa,
1013 1021 1046 1070 et
1074 1006 1203 1080 dixeris
1227 1005 1428 1071 Constituam

477 1137 570 1200 super
595 1137 645 1178 me
670 1133 774 1195 regem
800 1112 882 1173 sicut
907 1109 1026 1172 babent
1050 1131 1158 1171 omnes
1181 1130 1238 1192 per
1261 1107 1429 1170 circuitum

476 1217 629 1290 nationes,
644 1237 716 1278 eum
740 1213 926 1290 constitues,
942 1232 1036 1295 quern
1061 1209 1220 1272 Dominus
1242 1209 1331 1270 Deus
1354 1222 1431 1269 tuus

477 1317 608 1402 elegerit
637 1318 677 1379 de
704 1334 837 1377 numero
862 1313 998 1375 fratrum
1030 1323 1165 1374 tuorum.
1211 1314 1283 1375 Non
1310 1309 1431 1394 poteris

477 1420 608 1483 alterins
633 1417 738 1503 gentis
763 1415 922 1477 bominem
948 1436 1053 1496 regem
1080 1414 1194 1488 facere,
1222 1411 1277 1496 qui
1301 1433 1362 1472 non
1389 1411 1429 1472 sit

477 1523 576 1586 frater
592 1533 677 1584 tuus.
723 1519 897 1601 Quumque
912 1516 1006 1579 fuerit
1022 1517 1224 1588 constitutus,
1243 1535 1302 1576 non
1325 1512 1433 1575 multi-

478 1623 609 1710 plicabit
619 1621 679 1685 sibi
690 1643 801 1706 equos,
810 1641 869 1682 nec
880 1618 1010 1681 reducet
1021 1617 1176 1702 populum
1189 1617 1221 1678 in
1235 1617 1429 1700 AEgyptum‚

479 1727 645 1811 equitatus
657 1745 789 1786 numero
801 1721 1001 1784 sublevatus:
1019 1723 1194 1804 praesertim
1207 1741 1306 1804 quum
1321 1718 1431 1781 Domi-

478 1851 540 1890 nus
568 1825 756 1911 praeceperit
782 1823 885 1900 vobis,
912 1835 947 1886 ut
977 1843 1178 1906 nequaquam
1209 1820 1345 1905 amplius
1374 1841 1429 1904 per

478 1928 609 1992 eandem
628 1926 708 1988 viam
731 1923 943 1989 revertamini.
988 1924 1062 1986 Non
1083 1923 1213 1987 habebit
1229 1946 1343 1986 uxores
1359 1921 1428 2008 plu-

478 2034 575 2093 rimas
601 2051 674 2112 quae
697 2026 838 2090 afficiant
857 2025 993 2088 animaru
1021 2026 1101 2110 ejus,
1122 2049 1225 2111 neque
1247 2026 1370 2110 argenti
1397 2036 1428 2086 et

478 2131 548 2193 auri
563 2130 715 2191 immensa
735 2126 886 2212 pondera.
934 2129 1110 2212 Postquam
1131 2143 1238 2192 autem
1263 2128 1377 2190 sederit
1394 2129 1426 2190 in

479 2230 557 2293 solio
579 2228 668 2313 regni
694 2228 754 2304 sni,
778 2228 934 2292 describet
958 2228 1016 2291 sibi
1040 2230 1323 2294 Deuteronomium
1349 2230 1429 2314 legis

478 2332 577 2416 hujus
593 2331 624 2393 in
642 2330 813 2405 volumine,
829 2330 986 2415 accipiens
1003 2335 1165 2415 exemplar
1179 2355 1198 2393 a
1213 2331 1429 2396 sacerdotibus

480 2435 635 2498 Leviticae
650 2433 762 2506 tribus,
779 2446 811 2496 et
827 2433 959 2497 babebit
974 2456 1089 2504 secum,
1107 2433 1255 2519 legetque
1269 2432 1347 2498 illud
1364 2457 1430 2496 om-

479 2537 575 2600 nibus
598 2535 712 2598 diebus
735 2535 810 2598 vitae
835 2557 914 2610 suae,
937 2549 973 2598 ut
995 2533 1096 2597 discat
1120 2534 1231 2598 timere
1253 2535 1427 2597 Dominum

479 2639 585 2702 Deum
609 2660 715 2713 suum,
736 2649 768 2700 et
788 2637 949 2701 custodire
964 2637 1060 2700 verba
1082 2637 1327 2701 etceremonias
1348 2640 1428 2723 ejus,

480 2761 554 2824 quae
568 2739 600 2801 in
617 2738 687 2821 lege
702 2751 863 2822 praecepta
878 2750 964 2800 sunt.
1008 2739 1075 2799 Nec
1090 2737 1231 2802 elevetur
1246 2761 1300 2802 cor
1314 2739 1383 2823 ejus
1397 2739 1428 2800 in

479 2840 658 2925 superbiam
681 2861 776 2924 super
791 2839 906 2901 fratres
928 2861 1013 2914 suos,
1029 2861 1133 2925 neque
1152 2839 1287 2903 declinet
1304 2841 1336 2903 in
1357 2863 1428 2926 par-

479 2956 543 3005 tem
567 2942 730 3004 dexteram
752 2939 801 3002 vel
821 2940 995 3012 sinistram
1025 2959 1059 3003 ut
1083 2941 1177 3024 longo
1197 2955 1339 3026 tempore
1360 2964 1429 3025 reg-

480 3056 534 3104 net
556 3041 624 3126 ipse
640 3053 670 3103 et
687 3038 774 3102 filius
789 3041 857 3124 ejus
880 3062 975 3125 super
992 3041 1100 3105 lsrael.
1147 3043 1303 3127 Nunquid
1321 3065 1430 3127 quaeso

479 3141 569 3205 nulla
582 3141 652 3225 lege
668 3153 819 3217 arctatur,
834 3163 931 3225 quem
953 3141 1003 3204 lex
1020 3145 1080 3206 ista
1100 3145 1310 3228 constringit?
1348 3148 1430 3208 Haec

480 3243 593 3328 utique
608 3241 716 3305 divina
730 3255 788 3321 est,
799 3255 831 3305 et
842 3245 972 3328 impune
987 3242 1064 3306 solvi
1081 3267 1143 3307 non
1159 3257 1272 3330 potest.
1298 3245 1431 3330 Singula

480 3345 579 3409 verba
593 3346 662 3430 ejus
683 3343 707 3407 si
731 3346 854 3429 sapiant
877 3345 909 3406 in
932 3345 1062 3409 auribus
1082 3345 1273 3430 principum,
1291 3347 1430 3411 tonitrua

481 3459 565 3510 sunt.
613 3448 720 3510 Taceo
736 3446 776 3509 de
791 3445 942 3508 electione
958 3447 1038 3531 ejus,
1054 3460 1085 3508 et
1100 3447 1201 3509 forma
1216 3448 1294 3529 ejus,
1306 3470 1381 3532 quae
1397 3449 1428 3511 in

482 3548 640 3632 Principis
654 3548 811 3611 creatione
823 3548 974 3632 exigitur,
1013 3547 1146 3610 Vivendi
1162 3547 1344 3630 formulam,
1356 3573 1429 3635 quae

481 3649 510 3710 ei
529 3648 715 3733 praescripta
736 3662 795 3727 est,
809 3671 932 3711 mecum
948 3648 1109 3735 paulisper
1124 3649 1264 3730 attende.
1310 3653 1430 3729 Quum,

480 3747 597 3833 iuquit,
609 3747 707 3810 fuerit
722 3750 928 3823 constitutus,
941 3753 997 3834 qui
1014 3773 1045 3812 se
1061 3749 1158 3814 totius
1173 3751 1284 3837 populi
1300 3752 1429 3816 fratrem

389 3854 399 3872 ‘
479 3851 640 3936 religionis
663 3850 765 3927 cultu,
788 3863 819 3914 et
842 3851 958 3914 affectu
982 3853 1122 3916 caritatis
1146 3855 1343 3937 profiteatur,
1366 3877 1430 3920 non

480 3952 705 4038 multiplicabit
735 3952 794 4017 sibi
826 3975 936 4038 equos,
966 3976 1103 4038 quorum
1134 3955 1359 4018 numerositate
1389 3958 1431 4022 sit

480 4054 615 4117 subditis
637 4075 799 4117 onerosus.
843 4057 957 4137 Equos
978 4055 1108 4140 quidem
1135 4055 1358 4140 multiplicare,
1381 4073 1431 4123 est

479 4152 587 4238 plures
602 4174 698 4237 quam
709 4152 778 4237 ips'a
793 4154 960 4217 necessitas
971 4155 1090 4238 exigat,
1101 4178 1190 4220 vanae
1201 4155 1311 4240 gloriae
1326 4181 1431 4237 causa,

479 4252 530 4315 vel
556 4251 671 4315 erroris
699 4249 830 4316 alterius
861 4276 1063 4337 congregare.
1119 4255 1262 4322 Multum
1291 4257 1371 4320 enim
1399 4271 1431 4320 et

479 4377 604 4441 parum,
621 4353 647 4417 si
663 4354 949 4439 Peripateticorum
973 4355 1147 4441 principem
1164 4359 1339 4443 sequimur,
1355 4358 1432 4442 legi-
