3425 5367
331 732 401 776 cae.
416 715 552 795 urna]
694 733 949 786 murcaarrcus.
1223 719 1285 778 las

332 882 544 967 indignantes,
559 881 679 968 quibua
694 906 727 947 se
742 883 870 968 fingunt
885 882 1034 950 infensos.
1080 885 1170 968 Saepe
1186 887 1280 948 etiam

331 987 530 1050 mentiuntur
559 998 615 1050 aut
636 985 829 1071 decipientes
854 997 912 1049 aut
934 985 1069 1072 decepti.
1115 985 1178 1048 Sed
1207 985 1282 1051 licet

332 1107 405 1149 vera
415 1085 584 1152 dumtaxat
596 1089 776 1166 enunciant,
785 1086 989 1150 nihilominus
997 1104 1053 1152 aut
1062 1088 1282 1173 compescendi

330 1199 416 1263 suut,
432 1199 488 1252 aut
504 1186 659 1272 fugiendi.
705 1186 802 1250 Unde
816 1186 849 1250 in
866 1187 1135 1251 Deuteronomio:
1161 1186 1196 1251 Si
1211 1211 1282 1252 sur-

331 1289 448 1354 rexerit
477 1289 510 1352 in
537 1289 642 1352 medio
666 1289 715 1352 tui
744 1287 916 1374 propheta,
945 1301 1002 1352 aut
1028 1289 1086 1374 qui
1108 1288 1224 1355 dixerit
1247 1306 1305 1355 ae·

329 1389 485 1454 somnium
503 1390 631 1465 vidisse,
645 1403 676 1452 et
693 1388 879 1474 praedixerit
900 1389 1026 1474 signum
1041 1403 1139 1476 atque
1152 1405 1281 1476 porten-

329 1503 410 1568 tum,
435 1503 467 1554 et
492 1490 632 1555 evenerit
658 1489 745 1574 quod
768 1488 923 1573 loquutus
941 1501 1000 1566 est,
1018 1504 1051 1554 et
1072 1491 1188 1556 dixerit
1209 1493 1281 1572 tibi,

332 1593 455 1655 Eamus
480 1603 512 1656 et
534 1611 706 1676 sequamur
728 1590 804 1654 deos
828 1590 958 1668 alienos,
983 1613 1065 1675 quos
1088 1590 1226 1675 ignoras,
1247 1608 1280 1658 et

331 1693 505 1758 serviamus
538 1693 594 1768 eis,
622 1713 684 1754 uon
715 1689 825 1755 audias
855 1690 955 1754 verba
985 1690 1157 1776 Prophetae
1184 1693 1281 1775 illius,

328 1807 383 1860 aut
400 1794 608 1870 somniatoris,
622 1793 699 1879 quia
711 1806 813 1858 tentat
825 1814 881 1855 vos
891 1793 1051 1857 Dominus
1062 1797 1151 1860 Deua
1166 1810 1279 1874 vester,

329 1905 366 1960 ut
387 1895 491 1982 palam
514 1896 569 1961 fiat
592 1913 700 1960 utrum
728 1893 869 1979 diligatis
890 1917 974 1975 eum,
996 1917 1036 1959 au
1059 1917 1133 1959 non.
1181 1899 1279 1964 Unde

327 1995 421 2084 plane
442 1997 642 2085 intelligitur,
665 1997 742 2083 quia
765 1995 823 2060 etsi
844 2000 1042 2082 contingant,
1066 2020 1141 2084 quae
1163 2001 1278 2065 adivi-

325 2099 476 2164 uautibus
507 2121 570 2164 non
600 2098 774 2164 secuudum
805 2101 911 2163 Deum
942 2098 1107 2178 dicuutur,
1138 2124 1200 2166 nou
1230 2103 1275 2168 sic

324 2200 505 2286 accipienda
514 2213 600 2281 sunt,
615 2213 650 2266 ut
660 2201 739 2265 fiant
754 2222 829 2286 quoe
843 2200 1078 2286 praecipiuntur
1092 2205 1134 2268 ab
1148 2205 1204 2283 eis,
1219 2219 1276 2272 aut

324 2301 468 2366 colantur
490 2326 562 2388 quaa
578 2307 727 2367 coluntur
741 2302 783 2365 ab
798 2304 852 2367 eis.
899 2303 961 2365 Sed
977 2325 1034 2368 nec
1051 2307 1227 2390 Apostolus
1242 2308 1273 2372 in

325 2404 418 2468 Actis
430 2403 665 2488 Apostolorum,
677 2403 843 2467 immundo
853 2403 980 2488 spiritui
986 2410 1143 2490 pepercit,
1154 2409 1230 2494 quia
1241 2409 1273 2473 in

324 2505 456 2568 muliere
472 2503 682 2588 ventriloqua,
705 2503 857 2589 apostolis
879 2517 911 2567 et
930 2505 1150 2589 praedicationi
1164 2531 1273 2574 eorum

322 2604 538 2668 testimouium
554 2602 717 2689 perhibuit
732 2604 885 2668 veritatis.
930 2603 1021 2669 Nihil
1035 2627 1110 2669 vero
1125 2607 1278 2674 adversus

324 2717 446 2792 pestem
463 2704 554 2768 iatam
576 2703 736 2768 salubrius
758 2717 818 2780 eat,
834 2727 931 2789 quam
948 2705 975 2768 si
996 2709 1070 2788 quis
1091 2707 1275 2791 hujusmodi

323 2804 458 2870 vanitati
472 2804 600 2868 omnino
614 2825 722 2868 aurem
745 2803 923 2868 subtrahat.
968 2806 1097 2870 Gratias
1115 2829 1177 2892 ago
1192 2812 1274 2889 Deo,

323 2909 381 2991 qui
396 2905 474 2970 mihi
484 2905 577 2970 etiam
591 2905 623 2969 in
636 2903 784 2970 teneriori
793 2917 898 2979 aetate,
910 2903 1064 2969 adversus
1078 2906 1135 2972 has
1144 2909 1274 2996 maligni

323 3007 425 3072 hostis
459 3006 599 3087 insidias,
641 3005 830 3092 beneplaciti
860 3006 909 3070 aui
947 3019 1075 3071 acutum
1110 3015 1271 3096 opposuit.

321 3111 410 3174 Dum
439 3106 523 3172 euim
546 3130 638 3194 puer,
659 3119 697 3172 ut
720 3108 857 3194 psalmos
882 3108 1090 3188 addiscerem,
1115 3113 1271 3179 sacerdoti

223 3255 228 3266 ·
319 3209 457 3276 traditus
472 3231 581 3285 essem,
604 3211 660 3296 qui
680 3210 763 3275 forte
781 3211 987 3296 speculariam
1006 3215 1161 3298 magicam
1181 3237 1272 3280 exer·

319 3311 420 3393 cebet,
435 3311 569 3398 contigit
580 3325 616 3377 ut
629 3335 692 3391 me,
701 3325 734 3377 et
745 3312 841 3398 paulo
852 3312 1112 3396 grandiusculum
1122 3337 1272 3399 puerum,

319 3415 489 3501 praemissis
522 3413 714 3500 quibusdam
751 3414 925 3493 maleficiis,
953 3435 1013 3500 pro
1041 3415 1179 3501 pedibus
1207 3418 1273 3482 suia

321 3516 476 3596 sedentes,
491 3517 532 3582 ad
548 3516 734 3604 speculariae
755 3515 954 3602 sacrilegium
975 3516 1161 3604 applicaret,
1180 3532 1216 3584 ut
1237 3519 1270 3584 in

322 3617 484 3704 unguibus
506 3641 594 3684 sacro
611 3619 716 3684 nescio
732 3619 814 3696 oleo,
835 3632 894 3684 aut
918 3617 1088 3685 chrismate
1109 3619 1274 3701 delibutis,

321 3718 371 3784 vel
384 3719 417 3784 in
432 3733 558 3786 exterso
572 3735 605 3786 et
620 3721 757 3806 levigato
771 3741 902 3806 corpore
917 3721 1031 3808 pelvis,
1045 3723 1134 3808 quod
1148 3745 1271 3809 quaere·

319 3818 385 3898 bat,
400 3834 510 3887 nostro
524 3820 780 3887 manifestaretur
791 3821 920 3886 indicio.
943 3824 1052 3895 Quum
1066 3823 1177 3908 itaque
1191 3843 1273 3906 prae·

321 3921 415 3988 dictis
444 3923 637 4000 nominibus,
661 3945 734 4009 quae
756 3923 827 4008 ipso
851 3921 981 3985 horrore
1003 3921 1088 3998 licet,
1116 3923 1271 4008 puerulus

318 4045 427 4104 essem,
456 4025 637 4090 daemonum
665 4024 870 4098 videbantur,
893 4037 925 4087 et
948 4022 1120 4108 praemissis
1141 4023 1270 4110 adjura·

318 4127 469 4204 tionibus,
494 4150 576 4214 quas
599 4130 670 4192 Deo
694 4137 824 4190 auctore
848 4123 966 4203 nescio,
991 4125 1095 4188 accius
1116 4147 1205 4191 meua
1226 4149 1270 4202 ae,

315 4227 509 4311 nescioquas
522 4228 808 4312 imagineatenues
820 4238 925 4288 tamen
941 4237 974 4289 et
985 4223 1147 4288 nubilosas
1161 4227 1270 4292 videre

307 4325 495 4414 judicasset,
517 4349 578 4411 ego
602 4328 733 4411 quidem
756 4326 797 4390 ad
813 4324 895 4388 illud
919 4324 966 4388 ita
986 4345 1092 4387 caecus
1113 4325 1219 4403 extiti,
1234 4339 1270 4390 ut
