3425 5367
308 746 379 791 car.
395 728 455 807 vu]
655 746 909 795 rosucnarrcus.
1195 744 1258 803 288

309 906 341 960 et
358 895 460 961 virum
475 916 603 981 gravem
625 896 717 963 decet
731 901 862 965 consilia
883 900 1037 978 meditari,
1054 916 1089 968 ut
1105 904 1259 992 quicquid

308 997 387 1081 agit,
409 997 565 1084 quicquid
586 998 741 1084 loquitur,
757 1001 797 1065 sit
813 1024 872 1087 pro
893 1002 1022 1068 consilio
1042 1004 1162 1070 homiui
1178 1008 1260 1091 sapi·

307 1097 423 1161 entiam
454 1098 625 1166 affectanti.
679 1102 741 1167 Est
770 1115 877 1168 autem
908 1103 972 1169 oris
1000 1104 1176 1171 circumcisi
1205 1107 1262 1173 illa

306 1199 459 1284 proferre,
482 1201 601 1285 quibus
623 1200 702 1264 nihil
724 1200 817 1267 liceat
839 1202 925 1267 demi
949 1202 998 1266 vel
1019 1204 1146 1291 apponi.
1197 1206 1259 1273 Est

307 1312 414 1365 autem
436 1300 506 1364 viro
529 1300 616 1382 gravi
640 1301 871 1387 turpissimum,
895 1301 921 1366 si
937 1302 1063 1387 jugiter
1085 1328 1118 1369 se
1139 1304 1259 1371 fabulis

306 1415 339 1466 et
356 1401 452 1486 nugis
472 1401 657 1481 immisceat,
670 1414 704 1467 et
719 1402 802 1466 inter
815 1406 1052 1487 congarrientes
1066 1418 1258 1494 perstrepat,

306 1502 406 1567 ueluti
434 1503 566 1567 rabulus
586 1524 678 1567 anser
698 1503 863 1568 admixtus
891 1504 1043 1585 oloribus,
1071 1518 1104 1572 et
1132 1532 1257 1574 omnem

305 1604 469 1669 materiam
491 1606 600 1669 credat
614 1616 722 1689 aptam
737 1626 805 1669 esse
819 1604 942 1691 litigiis.

409 1735 562 1804 Ambigitur
573 1736 636 1805 quid
648 1737 719 1789 euim
730 1736 826 1790 Castor
837 1738 913 1803 sciat,
925 1756 958 1791 au
970 1738 1061 1791 docilis
1072 1738 1140 1811 plus,

411 1822 589 1876 Brundusium
601 1821 709 1876 Numici
721 1822 814 1876 melius
825 1824 868 1877 ris
880 1823 966 1889 ducat,
979 1840 1013 1879 su
1025 1824 1110 1897 Appi.

306 1961 467 2023 Praeterea
488 1980 561 2043 quae
590 1955 768 2034 abundant,
791 1960 841 2023 sui
871 1957 1058 2045 copiositate
1088 1958 1254 2037 vilescunt,

302 2074 421 2125 etcum
445 2058 649 2145 multiloquio
669 2068 836 2145 peccatum
858 2082 921 2123 uon
943 2060 1038 2138 desit,
1061 2082 1164 2147 pauca
1178 2086 1255 2150 pru-

303 2163 416 2228 denter
430 2160 590 2247 loquentis
606 2182 708 2225 sermo
722 2170 770 2223 est
785 2159 951 2246 pretiosus.
996 2162 1094 2225 Unde
1111 2164 1256 2231 Socrates

302 2265 461 2351 quaereuti
472 2285 538 2348 quo
552 2260 648 2325 modo
659 2260 732 2346 quis
743 2260 860 2324 samam
877 2260 1029 2344 optimam
1039 2277 1253 2350 compararet,

303 2364 337 2429 si
351 2363 494 2449 gesserit,
509 2362 627 2445 iuquit,
642 2360 775 2444 optima,
790 2371 823 2424 et
844 2358 1001 2445 loquutus
1021 2362 1120 2429 fuerit
1142 2388 1254 2451 pauca.

303 2466 376 2529 Hoc
390 2460 541 2549 estquod
556 2461 605 2525 vir
614 2460 735 2547 justus,
750 2472 783 2523 et
805 2458 926 2525 veritus
941 2460 1125 2549 delinquere
1142 2462 1176 2529 iu
1191 2488 1254 2531 ser-

301 2586 405 2638 mone,
423 2562 501 2627 dicit
524 2559 657 2626 stillasse
677 2558 843 2645 eloquium
865 2582 967 2625 suum.
1014 2563 1076 2640 Qui
1091 2564 1174 2628 euim
1190 2586 1253 2631 uon

300 2664 460 2751 delinquit
474 2662 507 2727 in
527 2662 635 2738 verbo,
650 2660 704 2725 bic
723 2660 885 2747 perfectus
899 2674 947 2726 est
970 2661 1030 2727 vir.
1075 2662 1255 2751 Siquando

300 2766 444 2833 ridebam
458 2764 500 2831 ad
515 2787 579 2841 eos,
595 2786 658 2828 uon
673 2762 855 2829 credebaut.
902 2763 1000 2831 Risus
1020 2764 1158 2832 levitatis
1173 2768 1256 2833 iudi.

299 2870 395 2946 cium,
410 2880 443 2932 et
462 2890 529 2953 quo
543 2864 712 2955 patentior,
734 2888 772 2929 eo
792 2864 1021 2953 impudentior,
1035 2878 1068 2932 et
1087 2869 1254 2955 reprehen-

300 2969 422 3037 sibilior
436 2982 494 3035 est.
538 2968 593 3035 Ait
612 2967 716 3033 anim:
734 2967 863 3033 Stultus
877 2968 908 3032 in
925 2967 991 3033 risu
1006 2968 1128 3035 exaltat
1143 2994 1252 3037 vocem

299 3094 387 3137 susm
401 3096 409 3135 ε
430 3084 463 3136 et
474 3068 727 3150 Salvatorllevit,
737 3068 919 3155 qui—utique
929 3070 1036 3135 risisse
1046 3090 1109 3134 nou
1121 3068 1250 3157 legitur.

298 3172 368 3241 Nec
382 3176 466 3239 enim
475 3171 568 3237 facile
576 3170 764 3237 crediderim
775 3192 911 3257 pronum
922 3192 991 3235 ease
1000 3170 1041 3235 ad
1052 3170 1252 3256 cachinnum,

298 3278 353 3365 qui
382 3276 443 3341 suh
472 3286 562 3339 tanta
582 3272 792 3359 ambiguitate
813 3270 854 3335 de
876 3271 941 3335 risu
966 3270 1117 3358 loquitur,
1140 3286 1177 3339 ut
1191 3274 1251 3339 etsi

296 3376 401 3443 riserit
415 3399 477 3441 uon
492 3375 649 3441 credatur.
694 3374 740 3438 Et
755 3372 815 3438 lux
830 3376 941 3438 vultus
962 3372 1023 3437 mei
1038 3396 1101 3439 nou
1116 3374 1250 3441 cadebat

296 3478 472 3543 interram.
517 3476 601 3543 Risit
622 3475 706 3540 torte
726 3474 776 3539 vir
786 3473 908 3561 justus,
922 3472 978 3539 sed
1000 3496 1072 3539 eum
1089 3474 1122 3539 in
1142 3474 1248 3541 hilari-

295 3593 372 3661 tate,
386 3578 569 3667 temporalis
582 3576 702 3664 ineptis
722 3598 787 3641 uon
808 3574 947 3655 resolvit,
970 3587 1002 3641 et
1018 3574 1170 3663 quicquid
1187 3588 1249 3643 ter·

296 3705 407 3748 renum
430 3682 543 3747 eratin
566 3680 719 3759 moribus,
738 3677 864 3743 vultum
880 3677 1050 3745 verebatur
1071 3690 1246 3746 austerum.

296 3784 331 3849 Si
356 3780 524 3847 voluissem
549 3780 596 3845 ire
621 3779 662 3845 ad
689 3804 753 3860 eos,
780 3778 926 3844 sedebam
954 3779 1086 3865 primus.
1139 3780 1248 3845 Prima
1326 3852 1331 3861 ,

294 3882 452 3971 siquidem
476 3882 627 3949 cathedra
656 3881 774 3967 diguus
799 3892 876 3957 erat,
899 3876 956 3965 qui
981 3878 1060 3943 alios
1085 3890 1246 3945 tantarum

293 3988 451 4052 virtutum
481 3988 594 4051 itinere
622 3980 832 4071 precedebat.
877 3982 986 4059 Quum
1009 3978 1132 4047 sederet
1154 3980 1246 4062 quasi

293 4110 350 4151 rex
364 4086 594 4154 famulantibus
608 4085 690 4161 aliis,
712 4082 891 4169 lachrymas
906 4082 1108 4150 moerentium
1125 4082 1245 4149 abster-

292 4190 399 4275 gebat.
442 4188 591 4255 Jucuuda
606 4184 762 4274 siquidem
777 4184 940 4250 conclusio
953 4210 962 4260 ;
987 4206 1087 4273 quum
1103 4196 1245 4271 potestas

293 4288 422 4377 publica
451 4289 494 4354 sic
524 4288 631 4355 studet
660 4306 809 4373 praeesse,
840 4284 931 4351 utin
956 4284 1161 4351 universitate
1187 4308 1245 4351 sua
