3425 5367
464 693 526 754 loe
709 705 845 751 solatus
862 703 1144 750 saaesnnarnrvms
1268 683 1349 762 [cra.
1366 699 1420 745 nr.

463 860 591 924 eissima
615 860 752 923 fundum
774 859 886 937 habet,
910 869 943 922 et
968 857 1056 920 brevi
1084 854 1173 920 exitu
1199 861 1424 934 congestarum

463 983 618 1044 aquarum
640 961 842 1045 quantalibet
864 961 961 1043 copia
987 957 1113 1033 defluit,
1135 956 1294 1040 fontisque
1320 955 1421 1017 abun-

462 1061 574 1125 dantia
587 1063 721 1141 tollitur,
737 1060 942 1124 scaturientis
960 1081 1052 1122 venae
1067 1056 1274 1122 facunditate
1290 1055 1421 1118 sublata.

464 1163 556 1226 Exili
565 1164 752 1247 plerumque
763 1173 872 1225 meatu
883 1162 1046 1224 inclusum
1060 1158 1160 1240 egerit
1168 1178 1247 1220 urna
1257 1157 1421 1240 liquorem.

466 1263 519 1327 Sic
535 1265 767 1343 minutissimis,
779 1263 856 1326 dum
871 1262 1092 1346 frequentibus
1103 1271 1136 1323 et
1146 1258 1306 1322 continuis
1315 1278 1421 1340 sump-

466 1365 565 1441 tibus,
594 1366 800 1450 amplissimae
829 1364 1065 1427 exhauriuntur
1101 1383 1192 1445 opes,
1222 1371 1254 1424 et
1281 1359 1422 1422 brevium

468 1467 686 1530 subtractione
708 1466 925 1540 minutiarum,
946 1465 1088 1528 maxima
1109 1462 1278 1527 haereditas
1300 1461 1421 1544 expila-

468 1582 534 1632 tur:
554 1569 618 1630 nisi
633 1568 711 1631 forte
726 1568 880 1652 prodigus
895 1567 1069 1650 pecuniam
1083 1565 1224 1628 inveniat
1237 1563 1417 1627 redivivam.

574 1683 623 1734 Est
632 1681 711 1736 luxus
721 1681 857 1753 populator
869 1700 955 1753 opum,
968 1681 1010 1733 cui
1022 1697 1124 1751 semper
1136 1679 1271 1732 adbaerens

576 1767 674 1820 Infelix
685 1768 776 1820 bamili
788 1785 881 1835 gressu
893 1768 1030 1820 comitatur
1042 1770 1155 1833 egestas.

471 1872 541 1935 lllis
555 1893 630 1953 ergo
646 1871 841 1954 parcendum
853 1883 914 1948 est,
926 1891 1060 1953 quorum
1071 1867 1270 1932 necessarius
1278 1867 1425 1930 imminet

471 1995 559 2046 usus,
574 1983 606 2035 et
618 1971 739 2055 aliquid
754 1971 975 2055 adjiciendum
998 1980 1047 2035 est
1067 1971 1248 2054 quantitati,
1270 1991 1341 2053 quae
1352 1969 1425 2054 jugi

470 2074 607 2157 partium
623 2070 816 2136 deductione
837 2072 1004 2136 decrescit.
1050 2075 1095 2136 Et
1108 2073 1185 2136 licet
1207 2093 1268 2137 usu
1283 2070 1427 2134 defluant

472 2171 608 2235 unicolae
623 2171 818 2254 patrimonii,
834 2183 958 2254 gratum
974 2184 1023 2236 est
1038 2173 1184 2255 diligenti
1196 2172 1426 2254 patrifamilias,

472 2275 498 2336 si
514 2274 565 2335 vel
576 2273 736 2335 ratiocinii
752 2275 878 2337 calculo
894 2285 1073 2350 terreantur,
1087 2275 1234 2359 peritque
1247 2273 1427 2358 dupliciter,

471 2374 559 2460 quod
573 2374 710 2441 elabitur
722 2376 889 2440 nescienti.
936 2377 985 2439 Ad
1001 2377 1072 2440 haec

822 2514 888 2567 lncri
900 2514 983 2567 bonus
995 2520 1036 2568 est
1047 2515 1109 2568 odor
1121 2532 1195 2567 exre

579 2599 714 2662 Qualibet.
750 2599 804 2652 lllo
815 2605 860 2652 tuo
873 2601 1002 2654 sententia
1014 2618 1116 2672 semper
1126 2603 1152 2653 in
1165 2618 1208 2654 ore

578 2686 716 2751 Versetur,
730 2686 790 2738 Diis
802 2692 882 2756 atque
894 2687 949 2758 ipso
961 2687 1026 2740 Jove
1037 2687 1128 2755 digna,
1136 2693 1234 2759 poetae:

578 2776 596 2804 “
610 2772 689 2824 Unde
700 2771 798 2824 babeat
809 2774 903 2842 quaerit
914 2791 1000 2838 nemo,
1013 2773 1059 2828 sed
1071 2779 1172 2845 oportet
1182 2774 1280 2828 habere
1287 2773 1315 2826 Ρ*

474 2913 514 2973 In
536 2910 588 2973 his
611 2909 742 2994 quidem
764 2911 891 2988 versari,
915 2921 964 2974 est
988 2911 1131 2974 arctioris
1160 2911 1268 2994 gratiae
1298 2912 1427 2978 funibus

475 3011 595 3073 vincire
622 3011 763 3086 divitem,
789 3010 868 3072 licet
889 3012 1097 3076 versibilitate
1123 3015 1245 3095 ingenii
1270 3014 1427 3078 lubricum

474 3113 590 3176 Protea
619 3112 733 3177 vincat.
780 3113 845 3174 Aut
874 3114 901 3177 si
932 3114 1073 3178 veritatis
1104 3115 1215 3183 deficit
1244 3117 1351 3200 gratia,
1378 3116 1428 3178 vel

475 3213 633 3278 ulterioris
656 3214 877 3279 familiaritatis
901 3215 1059 3280 exhibitio
1088 3227 1223 3282 constat.
1269 3218 1429 3282 Caeterum

474 3317 552 3381 licet
582 3328 751 3402 utrumque
773 3339 839 3381 non
860 3317 966 3402 possis
988 3317 1124 3400 assequi,
1148 3327 1180 3378 et
1201 3337 1303 3378 rerum
1325 3318 1429 3400 priva·

475 3430 578 3481 tarum
593 3419 884 3500 participationem,
895 3429 927 3482 et
937 3420 1053 3482 calculi
1063 3418 1240 3492 cautiones,
1257 3429 1288 3482 te
1300 3421 1429 3485 secretis

474 3518 593 3598 ingere,
622 3515 734 3600 quavis
764 3529 839 3581 arte.
885 3520 935 3580 An
965 3517 1072 3582 nescis
1099 3518 1187 3600 quod
1213 3521 1271 3606 qui
1292 3533 1430 3604 pergunt

475 3617 557 3698 ipsis
573 3616 825 3698 Imperatoribus
839 3618 1004 3700 imperare,

582 3738 655 3795 Scire
666 3736 755 3790 volunt
767 3743 868 3790 secreta
881 3739 982 3804 domus,
995 3745 1074 3810 atque
1087 3740 1147 3794 inde
1159 3743 1266 3799 timeri?

477 3853 523 3917 Et
552 3875 616 3937 quo
646 3850 821 3916 studiosius
851 3856 1064 3934 occultantur,
1087 3880 1125 3921 eo
1149 3856 1333 3942 diligentius
1356 3867 1430 3922 sunt

476 3952 713 4036 perscrutanda.
760 3957 889 4041 Nempe

581 4075 664 4127 Carus
678 4076 728 4128 erit
740 4076 828 4142 Verri,
840 4079 885 4147 qui
898 4077 1018 4147 Verrem,
1031 4086 1146 4154 tempore
1159 4100 1209 4152 quo
1219 4083 1284 4148 vult,

583 4161 714 4216 Accusare
726 4167 821 4232 potest.

479 4274 513 4338 Si
530 4283 636 4339 tamen
652 4276 734 4340 inter
748 4278 849 4342 malos
871 4279 985 4348 caritas
1000 4290 1055 4344 aut
1071 4281 1209 4346 amicitia
1224 4304 1295 4348 esse
1310 4293 1432 4371 potest,
