3425 5367
682 698 910 743 uurfluulcus

368 848 432 913 Sed
448 847 596 936 qnoniam
613 869 764 913 nummus
777 848 884 913 toxica
897 868 982 911 aoeva
994 846 1087 932 gerit.

272 968 275 976 '
321 949 439 1016 Toxica
453 961 641 1037 perpetuam
657 950 798 1036 paritura
811 950 996 1037 famemque
1011 950 1173 1039 sitimque,

362 1058 408 1119 Et
422 1054 570 1119 miseram
587 1053 696 1131 vitam,
713 1054 824 1117 mortis
838 1064 872 1117 et
885 1074 982 1117 omne
996 1074 1109 1137 genus,

320 1153 420 1219 Nulla
433 1155 522 1220 libris
536 1155 599 1219 erit
613 1166 689 1241 apta
703 1177 817 1221 manus
831 1154 993 1239 ferrugine
1008 1156 1109 1219 tincta
1117 1180 1127 1233 ς

363 1258 434 1323 Nec
449 1269 617 1323 nummata
631 1270 755 1345 queunt
769 1258 866 1323 corda
881 1279 994 1322 vacare
1007 1257 1106 1324 libris.

319 1358 395 1427 Non
409 1372 458 1425 est
472 1360 620 1445 ejusdem
634 1382 847 1447 nummosque
862 1360 1024 1446 librosque
1038 1360 1185 1446 probare,

364 1461 635 1549 Persequiturque
651 1462 748 1526 libros
762 1484 841 1545 grex
857 1462 997 1548 Epicure
1012 1474 1096 1527 tuus.

321 1561 411 1645 Ignis
425 1561 567 1625 araritiae
582 1583 683 1647 quum
699 1560 820 1623 loenum
836 1561 940 1625 carnis
953 1561 1070 1640 adurit,

367 1661 487 1746 Surgit,
503 1672 537 1725 et
550 1670 708 1727 eternum
724 1659 879 1728 construit
892 1681 993 1745 nsque
1007 1660 1125 1728 locum.

325 1764 445 1830 Omnia
460 1785 560 1851 quum
575 1762 673 1849 possit
688 1784 802 1827 manus
817 1762 1054 1847 omnipotentis,
1069 1786 1173 1829 avaroe

361 1867 482 1932 Mentis
496 1876 672 1951 egestatem
688 1887 752 1929 non
768 1864 882 1929 satiare
897 1876 1011 1950 potest.

321 1966 394 2037 Non
410 1967 525 2032 satiare
540 1976 645 2053 potest
659 1988 772 2032 manus
787 1965 1015 2051 omnipotentis
1028 1990 1174 2038 avarum:

362 2069 425 2134 Dic
440 2069 519 2134 mihi
533 2070 605 2157 quis
620 2069 745 2155 poterit,
762 2068 849 2155 quod
863 2069 976 2157 nequit
989 2069 1045 2135 illa
1059 2075 1197 2140 manus?

321 2169 437 2241 Nonne
451 2171 527 2236 satis
541 2171 639 2235 miser
653 2180 712 2251 est,
727 2190 823 2257 quem
840 2191 901 2233 nec
918 2170 1008 2236 Deus
1022 2170 1090 2257 ipse
1105 2173 1201 2240 boare

365 2272 514 2341 Sufficit?
536 2272 668 2338 ulterius
682 2273 753 2360 quis
767 2273 865 2337 miser
878 2294 947 2337 esse
962 2274 1090 2358 potest?

320 2376 540 2465 Nummipetae
555 2398 629 2443 cum
644 2375 795 2440 libricolis
810 2388 977 2461 nequeunt
990 2376 1085 2441 simul
1100 2402 1189 2449 esse:

363 2480 496 2557 Ambos,
512 2479 607 2544 oredo
623 2478 712 2556 mihi,
729 2501 791 2542 non
808 2478 895 2563 capit
909 2500 974 2543 una
988 2478 1113 2545 domus.

320 2580 406 2666 Ergo
421 2603 498 2646 care
513 2580 654 2657 miseros,
670 2602 730 2643 nec
746 2580 787 2643 ab
801 2579 851 2643 his
866 2578 927 2643 uisi
941 2579 1044 2645 tristia
1057 2604 1182 2667 speres:

364 2682 449 2747 Nam
464 2682 572 2747 miseri
587 2681 700 2755 cultor,
716 2680 788 2767 quis
802 2680 864 2743 nisi
879 2680 1004 2761 stultus,
1018 2683 1103 2750 erit?

320 2783 380 2849 Est
394 2784 527 2869 antiqua
541 2782 647 2861 nimis,
661 2780 757 2844 nimis
771 2792 820 2845 est
834 2781 993 2844 sententia
1007 2804 1092 2861 vera,

363 2885 471 2959 Quam
487 2883 625 2947 docuere
640 2893 756 2967 patres,
774 2881 899 2945 Ennius
912 2893 1009 2969 atque
1026 2884 1125 2953 Cato:

319 2988 404 3054 Tam
419 2984 507 3073 quod
520 2983 627 3065 habet,
643 3005 739 3070 quam
755 3006 820 3071 quo
834 2996 923 3049 caret
936 2986 1023 3052 omni
1038 2988 1118 3055 defit
1131 2994 1245 3073 amieo,

362 3089 519 3174 Occupet,
534 3087 715 3165 occumbat,
730 3109 780 3152 res
794 3086 899 3151 aliena
914 3100 1032 3158 tamen.

317 3199 451 3279 Semper
464 3188 653 3271 abundabit,
667 3189 722 3277 qui
738 3189 833 3255 rebus
848 3191 972 3255 noverit
987 3194 1054 3273 uti;

361 3298 407 3361 Et
420 3315 512 3359 mens
526 3292 638 3357 utendi
652 3291 759 3356 nescia
774 3313 901 3376 semper
914 3306 998 3375 eget.

321 3398 428 3464 Pauca
442 3407 547 3483 potest
560 3394 660 3472 dives,
674 3404 709 3459 et
724 3392 862 3479 plurima
876 3415 998 3479 pauper
1012 3394 1149 3477 habere;

362 3501 472 3567 Nescit
486 3509 662 3584 egestatem
677 3497 776 3577 dives,
790 3518 912 3581 egenus
926 3519 1012 3583 opes.

319 3601 436 3667 Nullus
449 3600 571 3666 amicus
585 3600 627 3682 ei,
641 3600 697 3686 qui
712 3598 815 3663 multa
829 3599 928 3685 cupit,
942 3622 1002 3665 neo
1017 3602 1138 3669 amicus

362 3706 422 3771 Est
435 3704 506 3781 sibi,
523 3703 575 3768 cui
586 3702 721 3767 nimium
738 3726 788 3769 res
802 3702 908 3767 aliena
923 3703 1038 3789 placet.

318 3809 353 3877 Si
368 3807 503 3894 cupidus
516 3806 613 3871 fucrit
626 3805 734 3883 hostis,
751 3818 901 3871 caveatur
916 3819 952 3871 ut
965 3807 1073 3887 hostis,

361 3912 395 3977 Si
409 3910 451 3977 sit
464 3909 596 3987 amicus,
612 3930 651 3973 eo
666 3908 788 3974 cautior
801 3931 870 3975 esse
886 3910 988 3975 stude.

316 4010 431 4080 Jurat?
453 4011 547 4076 crede
563 4008 688 4087 minus3
710 4031 774 4074 non
784 4010 899 4095 jurat?
920 4012 1050 4079 eredere
1065 4017 1129 4082 noli
1139 4044 1149 4095 ς

358 4120 463 4193 Juret,
480 4135 541 4179 non
553 4113 654 4198 juret,
669 4112 767 4177 hostis
781 4113 822 4177 ab
837 4113 927 4179 hoste
942 4137 1028 4181 cave.

318 4216 361 4283 Et
375 4216 477 4303 fugias
491 4238 571 4304 quos
585 4214 666 4279 livor
679 4214 765 4280 edax
780 4214 927 4282 felicibus
940 4216 1047 4284 hostes

362 4320 415 4385 Sic
430 4318 516 4396 lecit,
532 4328 569 4382 ut
583 4316 682 4383 virtus
696 4317 825 4383 flectere
841 4317 930 4383 nulla
944 4330 1052 4405 queat,
