3425 5367
472 724 535 780 242
729 732 866 776 romnus
882 731 1162 778 sanssuanmnsrs
1281 716 1360 795 [nm.
1378 735 1423 779 lv,

470 846 613 958 trabunt,
637 882 663 945 si
686 882 810 959 volunt,
833 894 865 945 et
888 882 1019 961 audent,
1041 882 1183 968 exlegem
1210 884 1340 963 faciant,
1360 909 1422 969 ego

469 1008 532 1050 non
554 983 650 1048 modo
671 985 722 1048 his
747 983 969 1062 renitentibus,
991 983 1046 1047 sed
1076 985 1197 1049 mundo
1220 986 1422 1065 reclamante,

468 1088 554 1173 ipsos
583 1086 643 1150 hac
671 1085 740 1171 lege
770 1086 869 1149 teneri
895 1085 1056 1149 confirmo.
1102 1088 1141 1149 In
1167 1109 1233 1173 quo
1254 1090 1350 1165 enim,
1372 1088 1420 1151 in-

465 1290 548 1365 ritis,
573 1287 773 1374 judicabimi.
822 1290 868 1351 Et
896 1300 981 1351 certe
1006 1287 1165 1373 judicium
1194 1287 1415 1373 gravissimum

466 1391 498 1454 in
514 1390 564 1453 his
581 1389 639 1474 qui
654 1399 795 1474 praesuut
817 1386 884 1466 fiet,
898 1410 936 1449 eo
957 1386 1045 1473 quod
1068 1409 1215 1451 mensura
1230 1387 1324 1468 bona,
1342 1410 1416 1451 con·

464 1492 558 1567 ferta,
596 1503 628 1554 et
663 1488 832 1574 coagitata,
866 1501 896 1552 et
933 1487 1129 1574 superfluens
1162 1489 1349 1554 refundetur
1383 1490 1416 1553 in

464 1594 551 1659 sinus
572 1614 691 1657 eorum.
736 1594 805 1656 Nec
827 1604 931 1655 tamen
955 1591 1220 1677 dispensationem
1242 1592 1321 1677 legis
1343 1592 1417 1657 sub

463 1695 556 1759 traho
570 1694 717 1758 manibus
732 1704 938 1779 potestatum,
955 1693 1009 1757 sed
1025 1706 1212 1779 perpetuam
1227 1696 1416 1780 praeceptio·

461 1818 546 1873 nem,
557 1809 614 1859 aut
629 1794 875 1881 prohibitionem
891 1793 1050 1871 habentia,
1063 1794 1156 1861 libito
1170 1820 1281 1861 eorum
1298 1820 1415 1882 nequa-

461 1920 556 1983 quam
576 1897 713 1960 arbitror
735 1894 954 1980 supponenda.
1000 1897 1039 1959 In
1055 1897 1105 1961 his
1126 1899 1236 1984 itaque
1258 1898 1414 1963 duntaxat

461 2024 533 2085 quae
559 1998 688 2063 mobilia
707 2011 793 2074 sunt,
810 1998 1005 2082 dispensatio
1020 2001 1188 2065 verborum
1209 2000 1408 2074 admittitur;

460 2102 506 2165 ita
520 2114 625 2165 tamen
649 2113 684 2163 ut
700 2101 955 2186 compensatione
979 2102 1153 2166 honestatis
1174 2114 1229 2166 aut
1252 2101 1410 2181 utilitatis,

459 2224 547 2265 mens
561 2201 640 2287 legis
654 2201 778 2285 integra
792 2217 1007 2268 conservetur.
1047 2204 1113 2267 Nec
1128 2202 1279 2283 elevetur,
1294 2204 1412 2289 inquit,

457 2326 512 2368 cor
525 2304 596 2389 ejus
610 2303 644 2366 in
659 2302 851 2389 superbiam,
863 2327 958 2390 super
973 2305 1086 2369 fratres
1102 2328 1184 2369 suos.
1215 2304 1310 2382 Quod
1325 2329 1407 2391 prae-

456 2408 552 2491 cipue
566 2403 774 2468 necessarium
790 2415 849 2479 est,
862 2405 980 2489 saepius
995 2403 1138 2489 replicat,
1150 2427 1188 2469 eo
1202 2404 1290 2490 quod
1303 2404 1409 2469 humi·

455 2504 529 2570 litas
543 2526 705 2590 nunquam
725 2505 800 2568 satis
815 2503 942 2567 videtur
963 2504 1186 2571 commendata
1199 2505 1407 2592 principibus,

454 2623 486 2673 et
507 2605 729 2672 difficillimum
751 2617 799 2670 est
822 2618 858 2671 ut
881 2604 997 2689 gradus
1019 2605 1148 2671 bonoria
1169 2619 1325 2673 tumorem
1343 2630 1406 2673 non

453 2711 558 2798 pariat
572 2712 605 2774 in
620 2710 725 2775 animo
740 2708 959 2795 imprudentis.
991 2709 1144 2795 Superbia
1159 2709 1273 2795 utique
1287 2711 1405 2776 resistit

452 2816 554 2890 Deus,
576 2826 609 2878 et
631 2812 808 2877 humilibus
829 2812 886 2876 dat
907 2811 1053 2897 gratiam.
1099 2812 1238 2876 Proinde
1260 2836 1314 2877 rex
1335 2825 1404 2877 orat

452 2938 492 2979 ue
507 2918 612 2980 veniat
630 2916 659 2979 ei
675 2936 731 3001 pes
751 2914 921 3000 superbiae,
936 2915 1014 3000 quia
1035 2915 1067 2977 in
1083 2938 1121 2979 eo
1142 2914 1334 2995 cecideruut,
1350 2915 1403 3001 qui

450 3028 623 3101 operantur
648 3015 861 3100 iniquitatem,
885 3015 1010 3101 expulsi
1037 3028 1122 3094 sunt,
1145 3039 1202 3082 nec
1228 3028 1401 3101 potuerunt

450 3129 542 3180 stare.
577 3119 650 3180 Non
663 3114 776 3201 utique
786 3115 950 3200 superbiat
964 3138 1062 3203 super
1073 3116 1189 3181 fratres
1202 3139 1210 3190 3
1233 3116 1288 3179 sed
1301 3138 1400 3201 quum

447 3220 580 3284 fratrum
603 3218 790 3293 meminerit,
807 3218 984 3283 fraternum
1008 3219 1159 3306 subjectis
1181 3218 1327 3283 omnibus
1342 3218 1400 3283 im·

447 3322 567 3409 pendat
581 3323 740 3385 affectum.
786 3324 831 3385 Et
846 3320 977 3406 quidem
998 3322 1173 3407 prudenter
1188 3320 1398 3385 bumilitatem

446 3447 518 3489 eum
541 3422 730 3489 discretione
751 3436 784 3487 et
805 3424 938 3489 caritate
961 3423 1071 3515 indicit
1093 3422 1299 3508 principibus,
1322 3424 1400 3509 quia

445 3526 512 3589 sine
536 3526 606 3589 istis
630 3528 758 3589 omnino
782 3525 952 3589 subsistere
976 3516 1169 3609 non'potest
1191 3526 1399 3611 principatus.

446 3626 601 3711 Quisquis
631 3648 707 3708 ergo
735 3626 871 3710 gradum
903 3625 1041 3711 proprian
1077 3624 1274 3691 celsitudinis
1303 3640 1400 3705 amat,

443 3724 632 3792 humilitatis
647 3725 767 3789 cultum
783 3726 815 3789 in
831 3727 1010 3793 minoribns
1025 3725 1267 3815 diligentissime
1283 3741 1397 3793 teneat.

443 3830 526 3894 Nam
543 3828 598 3915 qui
610 3828 651 3892 ab
668 3828 858 3894 humilitatis
875 3828 1026 3915 operibus
1050 3829 1183 3910 recedit,
1198 3852 1217 3893 a
1232 3829 1397 3911 dignitatis

441 3956 508 3999 suae
529 3932 670 4017 fastigio,
693 3931 827 3995 tumoris
848 3931 990 4015 pondere
1012 3931 1107 3996 cadit.
1153 3930 1286 3995 Obtiuet
1310 3933 1394 3995 enim

439 4042 605 4116 perpetuo,
628 4031 705 4114 quia
727 4030 784 4114 qui
808 4052 841 4093 se
866 4029 1013 4095 humiliat
1039 4028 1245 4104 exaltabitur,
1270 4043 1303 4095 et
1327 4031 1395 4095 vice

440 4154 542 4210 versa,
555 4130 611 4216 qui
629 4153 662 4194 se
677 4135 798 4195 exaltat
808 4131 1016 4218 deprimetur.
1046 4131 1168 4216 Regem
1181 4132 1398 4197 Romanorum

438 4233 650 4299 novissimum
668 4231 881 4318 Tarquinium
904 4232 980 4297 fecit
995 4254 1062 4296 esse
1085 4232 1245 4318 superbia,
1259 4246 1291 4299 et
1312 4235 1341 4299 ei
1356 4235 1397 4300 ab

434 4335 621 4403 humilitate
648 4335 749 4420 magis
774 4338 964 4401 necessarios
995 4334 1158 4403 substituit
1185 4336 1397 4421 magistratus.
