3425 5367
445 733 505 792 156
705 741 841 788 Josnrus
856 741 1132 788 sanasaamsusm
1260 723 1343 803 [um.
1360 746 1398 790 11.

442 895 522 960 nihil
538 893 615 960 mihi
630 906 807 981 appareret,
822 892 881 957 nisi
896 915 1020 977 ungues
1036 904 1093 955 aut
1108 890 1220 976 pelvis,
1237 905 1270 957 et
1285 905 1399 960 caetera

443 1021 518 1084 quae
540 1010 632 1061 antea
655 1017 815 1060 noveram.
876 993 1004 1058 Exinde
1032 1015 1109 1078 ergo
1137 993 1179 1056 ad
1210 993 1396 1080 hujusmodi

441 1098 565 1164 inutilis
589 1099 753 1184 judicatus
774 1119 856 1173 sum,
877 1109 910 1160 et
938 1099 1030 1182 quasi
1060 1095 1116 1182 qui
1147 1095 1299 1182 sacrilega
1327 1099 1397 1163 ltoec

442 1200 640 1287 impedirem,
663 1223 703 1264 ne
727 1198 767 1263 ad
793 1198 869 1262 talia
893 1200 1073 1264 accederem
1101 1197 1341 1278 condemnatus,
1364 1214 1398 1265 et

443 1303 567 1388 quotie's
597 1325 662 1366 rem
688 1301 768 1364 hanc
799 1322 943 1364 exercere
973 1299 1186 1376 decreverant,
1217 1325 1279 1386 ego
1304 1303 1398 1388 quasi

445 1405 545 1470 totius
557 1403 761 1468 divinationis
773 1401 1037 1488 impedimentum
1046 1403 1186 1467 arcebar.
1212 1403 1263 1466 Sic
1272 1403 1349 1468 mibi
1365 1403 1397 1466 in

444 1532 480 1572 ea
487 1520 582 1572 aetate
590 1505 835 1592 propitiatusest
845 1503 1013 1568 Dominus.
1030 1507 1139 1577 Quum
1147 1504 1396 1591 veropaululum

442 1611 674 1695 processissem,
683 1606 840 1690 flagitium
850 1604 911 1668 hoc
921 1604 1022 1689 magis
1034 1617 1066 1669 et
1077 1605 1178 1689 magis
1189 1606 1350 1682 err-horrui,
1366 1619 1399 1672 et

444 1735 482 1776 eo
507 1710 621 1776 lortius
647 1709 851 1774 confirmatus
873 1721 921 1772 est
944 1709 1053 1772 horror
1073 1731 1173 1786 meus,
1192 1709 1280 1793 quod
1297 1733 1396 1796 quum

444 1812 635 1900 specularios
660 1814 777 1874 multos
804 1823 881 1874 tunc
911 1811 1064 1886 noverim,
1090 1832 1199 1873 omnes
1223 1823 1398 1896 antequam

443 1913 625 1990 delicerent,
653 1923 709 1975 aut
739 1910 867 1975 defectu
897 1924 1032 1987 naturae,
1062 1924 1119 1976 aut
1149 1934 1249 1976 manu
1279 1911 1399 1990 hostili,

441 2013 596 2080 beneficio
619 2011 746 2075 luminis
767 2012 896 2077 orbatos
918 2012 995 2087 vidi,
1012 2026 1049 2077 ut
1070 2024 1184 2078 oaetcra
1198 2012 1399 2076 incommoda

447 2129 578 2190 taceam,
596 2113 714 2198 quibus
729 2113 761 2175 in
777 2126 951 2199 conspectu
967 2137 1037 2178 meo
1052 2137 1071 2177 a
1087 2114 1238 2190 Domino,
1254 2127 1311 2177 aut
1326 2137 1400 2199 pro-

446 2215 548 2291 strati,
559 2226 614 2278 aut
630 2213 808 2298 perturbati
824 2227 911 2294 sunt,
925 2215 1067 2301 exceptis
1081 2215 1218 2294 duobus,
1233 2215 1397 2280 sacerdote

444 2311 602 2386 videlicet,
618 2332 714 2398 quem
730 2312 881 2396 praemisi,
891 2324 923 2375 et
938 2312 1070 2376 diacono
1085 2314 1237 2400 quodam,
1252 2316 1310 2401 qui
1325 2339 1394 2402 spe·

444 2410 635 2476 culariorum
648 2408 790 2474 videntes
799 2409 939 2496 plagam,
948 2412 1142 2497 effugerunt,
1151 2414 1232 2478 alter
1240 2415 1280 2478 ad
1291 2418 1396 2480 sinum

447 2511 628 2590 Canonicae,
639 2513 720 2573 alter
734 2509 774 2573 ad
791 2524 918 2596 portum
931 2511 1053 2578 cellulae
1064 2513 1290 2591 cluniacensis,
1303 2516 1398 2581 sacris

446 2613 591 2678 vestibus
614 2611 765 2696 insigniti.
819 2614 957 2678 Eosdem
986 2628 1089 2680 tamen
1117 2639 1185 2703 prae
1213 2619 1336 2682 caeteris
1365 2619 1398 2682 in

446 2715 746 2801 congregationibus
776 2715 840 2779 suis
866 2716 999 2780 adversa
1027 2717 1166 2801 plurima
1194 2721 1399 2804 postmodum

446 2837 612 2901 perpessos
626 2837 702 2888 esse,
719 2813 867 2880 misertus
882 2839 964 2883 sum.
1010 2819 1092 2882 Sane
1107 2820 1132 2882 si
1155 2818 1196 2882 ad
1212 2819 1400 2907 impugnan-

446 2917 524 2981 dum
541 2917 626 2980 hunc
641 2936 789 2995 errorem,
804 2940 976 2983 concursus
995 2921 1167 2998 rationum,
1182 2933 1214 2986 et
1236 2921 1403 2987 catholicae>

446 3017 556 3083 matris
572 3017 722 3082 Ecclesiae
738 3019 910 3083 auctoritas
925 3043 987 3084 non
1010 3035 1206 3106 suppeteret,
1222 3023 1271 3088 vel
1295 3047 1399 3088 exem·

447 3118 500 3204 pla
523 3120 677 3180 malorum
692 3140 765 3181 eum
783 3118 942 3185 sufficiunt
964 3123 1131 3208 extirpare.
1178 3124 1268 3189 Siout
1291 3138 1401 3190 autem

448 3240 540 3282 nomo
555 3229 659 3304 potest
675 3217 784 3282 bibere
794 3218 921 3283 calicem
939 3222 1081 3299 Domini,
1094 3235 1124 3286 et
1137 3222 1264 3286 calicem
1281 3225 1400 3289 daemo-

446 3321 584 3398 nicrum,
606 3333 662 3385 aut
686 3319 813 3386 duobus
835 3319 971 3388 dominis
994 3325 1122 3399 servire,
1144 3329 1215 3389 Deo
1236 3337 1267 3388 et
1292 3326 1400 3391 Mam.-

450 3445 573 3497 monae;
605 3422 649 3486 sic
663 3425 798 3508 gratiam
816 3424 889 3503 Dei,
901 3437 933 3489 et
950 3424 1047 3510 hujus
1063 3423 1190 3488 malitiae
1206 3425 1404 3507 exercitium,

448 3525 557 3589 nullus
571 3525 760 3609 assequitur.
807 3525 869 3588 Sed
885 3548 957 3590 ecce
971 3549 1072 3612 quare
1087 3526 1243 3611 punctim,
1257 3539 1289 3591 et
1309 3533 1400 3614 quasi

450 3626 575 3701 subula,
592 3626 778 3690 sententiam
801 3647 988 3712 prosequor,
1005 3626 1079 3690 fidei
1098 3641 1129 3692 et
1152 3650 1276 3693 morum
1297 3630 1401 3695 inimi-

447 3751 526 3807 cam,
542 3748 641 3813 quum
658 3747 726 3788 eam
737 3725 840 3790 oaesim
854 3728 996 3813 Spiritus
1007 3732 1293 3818 mucrone,oapulo
1303 3745 1400 3797 tenus

447 3829 702 3896 transverberare
734 3827 911 3893 sufficiam?
954 3830 1102 3896 Feriatur
1131 3855 1208 3918 ergo
1240 3833 1336 3898 semel
1367 3833 1401 3896 in

448 3930 652 4005 manuforti,
676 3942 707 3994 et
733 3929 864 3994 brachio
885 3930 981 4012 illius,
1004 3933 1060 4019 qui
1086 3933 1127 3997 ad
1154 3934 1401 3998 submersionem

449 4031 688 4117 AEgyptiorum,
709 4029 817 4095 divisit
839 4054 927 4096 mare
948 4034 1084 4098 rubrum
1110 4034 1142 4097 in
1167 4035 1345 4114 divisiones,
1367 4045 1400 4098 et
1491 4063 1494 4069 ¹

450 4131 587 4198 secundo
601 4154 683 4217 opus
698 4153 760 4195 non
775 4133 845 4196 erit.
892 4139 966 4200 Non
991 4149 1039 4199 est
1054 4135 1138 4200 enim
1163 4137 1220 4222 qui
1240 4136 1281 4200 de
1305 4158 1400 4199 manu

451 4237 536 4303 illius
558 4235 658 4320 possit
678 4256 797 4298 eruere.
843 4236 971 4302 Educat
992 4260 1071 4323 ergo
1092 4238 1237 4322 gladium
1259 4241 1400 4324 Moyses,

450 4352 481 4404 et
496 4347 675 4423 prosternat
698 4331 872 4422 AEgyptias
895 4338 1155 4416 abominationes,
1170 4351 1204 4404 et
1225 4338 1399 4404 abscondat
