3425 5367
496 662 537 721 ³4
757 672 893 719 rornurs
909 671 1190 717 saassuurrrurrsrs
1326 652 1414 733 [mn.
1431 666 1455 721 t.

495 825 699 903 tabula‚u1·io
716 828 765 889 vel
789 825 932 891 dardana
953 846 1074 908 pugna,
1093 826 1236 905 tricolus,
1258 826 1362 904 aenio,
1382 847 1454 888 mo-

496 926 646 1001 narchus,
668 926 815 1003 orbiculi,
837 927 1021 1003 taliorchus,
1042 928 1165 1010 vulpes,
1186 948 1321 1011 quorum
1350 936 1456 990 artem
1531 948 1534 954 ·

495 1026 604 1089 utilius
626 1035 675 1089 est
697 1025 862 1089 dediscere
885 1046 982 1109 quam
1004 1025 1130 1090 docere.
1176 1028 1257 1099 Quis
1279 1025 1366 1091 euim
1386 1048 1456 1089 nou

495 1128 673 1203 erubescat,
688 1127 714 1189 si
736 1127 830 1189 sortis
852 1148 918 1190 suae
942 1127 1087 1204 gratiam,
1110 1150 1176 1191 non
1191 1128 1298 1191 virtuti
1321 1128 1457 1202 debeat,
1569 1195 1570 1212 χ

494 1226 552 1289 sed
577 1226 717 1289 taxillis?
757 1228 838 1299 Quis
864 1227 963 1289 fritilli
992 1229 1148 1291 cautelam
1176 1250 1244 1291 suae
1268 1229 1457 1310 prudentiae
1570 1273 1571 1286 .

495 1349 560 1391 non
588 1327 695 1391 doleat
724 1326 895 1391 anteferri?
935 1328 1053 1389 Nonne
1082 1330 1160 1390 satis
1187 1330 1369 1410 improbata.
1401 1339 1456 1391 est

494 1429 652 1513 cujusque
664 1430 739 1493 artis
751 1429 949 1502 exercitatio,
960 1451 1023 1512 qua
1034 1440 1153 1519 quanto
1164 1429 1301 1512 quisque
1313 1428 1457 1507 doctior,

494 1540 585 1595 tanto
601 1530 757 1613 nequior?
784 1532 912 1594 Aleator
926 1528 1055 1613 quidem
1071 1531 1175 1591 omnis
1189 1530 1242 1592 hie
1258 1538 1318 1592 est.
1353 1531 1453 1593 Men-

495 1630 660 1695 daciorum
682 1631 839 1716 siquidem
863 1641 895 1693 et
914 1628 1122 1713 perjuriorum
1143 1643 1243 1693 mater
1257 1640 1307 1692 est
1320 1631 1406 1709 alea,
1421 1641 1455 1694 et

495 1753 540 1797 ex
569 1734 675 1797 aliena
705 1732 970 1815 concupiscentia
998 1752 1056 1795 sua
1085 1730 1236 1814 prodigit,
1265 1740 1299 1793 et
1326 1733 1455 1795 nullam

495 1834 619 1897 habens
633 1832 816 1914 patrimonii
839 1830 1058 1907 reverentiam,
1074 1852 1172 1915 quum
1186 1831 1267 1894 illud
1289 1832 1454 1906 effuderit,

496 1932 615 1995 sensim
630 1932 664 1993 in
680 1932 761 1993 furta
782 1930 931 1993 dilabitur
946 1941 978 1992 et
993 1934 1131 2013 rapinas.
1169 1934 1261 1995 Illam
1277 1954 1351 1995 vero
1367 1954 1453 1997 norr-

495 2033 576 2094 nulli
602 2030 783 2112 praeferunt,
809 2031 844 2093 in
871 2054 935 2113 qua
961 2033 1098 2114 Ulysscs
1122 2034 1236 2098 lusisse
1260 2036 1388 2116 legitur,
1411 2056 1455 2097 eo

496 2131 585 2216 quod
599 2130 720 2213 ingenii
742 2133 945 2215 aliquatenus
959 2135 1059 2196 multa
1080 2135 1290 2199 meditatione
1305 2138 1453 2201 excitare

496 2231 641 2296 rideatur
661 2254 805 2296 acumen.
851 2234 917 2297 Sed
931 2256 974 2297 ex
988 2256 1027 2296 eo
1049 2234 1127 2297 mihi
1143 2236 1270 2300 videtur
1284 2238 1453 2321 perditior,

496 2356 596 2419 quum
607 2334 688 2397 nihil
700 2333 859 2397 infelicius
872 2334 923 2410 sit,
932 2354 1027 2417 quam
1043 2335 1077 2395 in
1092 2355 1143 2412 eo,
1153 2336 1186 2397 in
1200 2358 1263 2419 quo
1279 2339 1452 2401 minimum

495 2435 657 2519 proficias,
693 2434 866 2517 plurimum
895 2436 1047 2497 laborare.
1103 2436 1165 2499 Est
1201 2438 1288 2500 enim
1324 2439 1452 2503 inutilis

496 2539 719 2622 importunitas
736 2537 948 2620 deprecantis,
964 2557 1028 2619 qua
1041 2536 1167 2599 inutilia
1181 2540 1401 2621 acquiruntur,
1418 2554 1453 2605 et

496 2638 661 2725 querendi
683 2638 789 2701 inanis
812 2647 860 2701 est
883 2636 1060 2719 diligentia,
1082 2657 1182 2720 quum
1202 2637 1362 2700 iuvenisse
1382 2661 1452 2703 non

497 2742 647 2827 proderit.
691 2740 806 2803 Posset
824 2739 934 2822 itaque
955 2749 1062 2802 motus
1082 2738 1191 2816 animi,
1206 2748 1238 2803 et
1251 2738 1367 2801 mentis
1381 2742 1450 2822 agi-

497 2848 589 2922 tatio,
604 2868 677 2929 quae
691 2845 736 2908 ibi
750 2843 866 2906 frustra
881 2843 1076 2921 distrahitur,
1091 2844 1187 2907 rebus
1202 2842 1450 2925 pulchrioribus,

498 2960 530 3011 et
551 2948 734 3011 melioribus
756 2945 1003 3009 accommodari.
1046 2946 1160 3007 Aleam
1183 2966 1256 3007 vero
1278 2965 1298 3006 a
1320 2944 1450 3025 regione

498 3068 621 3110 morum
644 3046 730 3108 illius
745 3045 916 3109 auctoritas
931 3064 1060 3123 prorsus
1082 3044 1283 3117 exterminat,
1300 3044 1355 3124 qui
1378 3044 1450 3105 uni·

498 3170 622 3213 versum
634 3148 742 3211 orbem
756 3147 879 3210 docens
894 3145 927 3205 iu
941 3143 1019 3221 filio,
1030 3164 1100 3206 eam
1115 3142 1288 3205 denunciat
1299 3145 1450 3208 omuibus

499 3248 694 3333 fugiendam.
738 3251 788 3313 Ab
812 3268 850 3310 ea
872 3244 1032 3330 siquidem
1054 3252 1213 3307 armantur
1234 3241 1276 3305 ad
1297 3242 1369 3305 lites
1392 3243 1451 3306 ho-

499 3354 613 3432 mines,
641 3353 807 3417 incurrunt
836 3348 1029 3425 inimicitias,
1053 3347 1088 3407 in
1111 3342 1269 3422 miseram,
1292 3344 1351 3406 etsi
1381 3365 1448 3406 non

498 3456 723 3527 miserabilem,
738 3452 888 3515 incidunt
909 3456 1091 3529 egestatem.
1137 3444 1173 3506 Si
1195 3444 1450 3508 denuntiationis

502 3556 617 3636 quaeris
632 3563 804 3626 auctorem,
818 3551 910 3611 illum
925 3568 1075 3626 agnosce,
1089 3545 1146 3628 qni

606 3663 668 3715 Non
680 3663 739 3726 sibi,
751 3662 798 3713 secl
810 3662 859 3711 toti
870 3661 990 3727 genitum
1001 3676 1029 3711 se
1041 3659 1149 3711 credidit
1159 3661 1224 3713 orbi.

498 3764 560 3826 Est
574 3774 678 3825 tamen
691 3784 788 3844 quum
804 3761 839 3822 iu
854 3761 963 3844 aliqua
976 3763 1085 3845 specie
1100 3763 1146 3825 sui
1162 3763 1295 3831 licenter
1308 3762 1446 3826 admitti-

499 3874 559 3938 tur,
575 3864 601 3925 si
616 3866 737 3946 absque
752 3862 829 3924 vitio
845 3883 992 3925 curarum
1008 3864 1150 3943 gravium
1165 3860 1293 3945 pondus
1308 3864 1448 3941 alleviet,

498 3974 529 4023 et
552 3963 620 4025 sine
636 3963 757 4025 virtutis
780 3962 947 4045 dispendio
966 3962 1145 4046 jucundam
1166 3964 1447 4046 interpolationem

496 4064 605 4126 afferat
619 4062 815 4145 gaudiorum.
860 4063 974 4126 Omnis
988 4086 1063 4126 vero
1077 4064 1208 4127 licentia
1221 4063 1449 4125 moderationis

496 4165 647 4246 suffragio
671 4165 876 4242 convalescit,
898 4178 931 4228 et
954 4164 1065 4227 solidae
1088 4164 1213 4226 virtutis
1237 4182 1314 4224 usus
1336 4164 1377 4225 ab
1399 4164 1448 4225 in-

495 4267 702 4350 temperantia
717 4265 919 4330 deformatur.
956 4266 1071 4329 Totius
1088 4285 1162 4326 rero
1182 4264 1322 4325 licentiae
1337 4263 1447 4326 mode-
