3425 5367
463 675 522 734 196
724 683 861 732 roauuis
877 681 1152 733 sanusnururusrs
1258 670 1340 748 [ιιΒ.
1359 693 1414 738 ιιι.

465 838 553 924 quod
575 863 616 904 ex
639 841 835 923 Evangeliea
855 842 956 904 habes
975 841 1117 919 historia,
1132 842 1291 906 salubrius
1312 844 1423 909 incau-

465 954 531 1006 tum
546 954 579 1004 et
592 943 751 1025 pertidum
763 943 909 1006 solvisset
917 944 1146 1026 juramentum,
1156 964 1253 1026 quam
1269 945 1302 1006 in
1315 947 1420 1008 extin-

464 1042 593 1122 guenda
606 1045 738 1107 lucerna
752 1043 851 1119 verbi,
865 1041 1039 1106 auferendo
1053 1043 1286 1125 praeambulum
1301 1047 1422 1127 gratie,

462 1145 603 1206 veritatis
614 1143 796 1207 occidendo
807 1163 1001 1226 praecouem,
1013 1163 1156 1206 mensam
1167 1144 1334 1226 pollueret,
1344 1167 1423 1208 cou-

462 1242 582 1304 rivinm
610 1243 789 1318 incestaret,
817 1241 938 1323 regiam
968 1241 1182 1322 pessundaret
1210 1243 1422 1327 majestatem,

463 1341 539 1405 dum
561 1344 700 1407 incestui
721 1356 837 1406 cuncta
859 1343 1008 1416 serviunt,
1032 1353 1065 1406 et
1085 1345 1307 1428 obtemperant
1327 1349 1421 1412 salta-

461 1445 543 1509 trici.
572 1445 695 1508 Ethica
710 1445 842 1529 quidem
853 1445 964 1524 regula
974 1455 1036 1506 est:
1054 1445 1209 1527 quianon
1225 1447 1334 1510 omnia
1345 1460 1420 1512 suut

461 1569 589 1630 semper
610 1547 772 1629 promissa
796 1544 970 1621 solvenda;
1003 1546 1029 1608 si
1055 1545 1136 1608 forte
1165 1557 1221 1610 aut
1245 1560 1418 1632 accepturo

462 1650 629 1722 damnosa,
659 1659 714 1711 aut
740 1648 923 1730 peruiciosa
947 1647 1012 1710 siut
1040 1648 1246 1731 promittenti.
1291 1651 1337 1713 Et
1363 1653 1419 1714 lex

462 1752 612 1816 amicitiae
625 1752 682 1814 illa
696 1751 873 1833 praevaluit,
888 1771 953 1833 qua
968 1751 1036 1812 sola
1053 1750 1190 1814 honesta
1204 1753 1272 1834 peti
1286 1753 1363 1816 licet
1376 1756 1417 1817 ab

461 1854 574 1915 amicis
594 1862 648 1914 aut
662 1851 740 1913 fieri.
785 1852 927 1934 Ipsoque
943 1849 1017 1934 jure
1039 1861 1169 1913 cautum
1192 1863 1250 1930 est,
1272 1862 1308 1914 ut
1330 1855 1418 1917 nulla

459 1953 640 2037 promissio,
665 1973 737 2034 quae
762 1961 887 2034 turpem
914 1962 970 2013 aut
996 1952 1117 2014 tristem
1142 1952 1259 2016 habeat
1281 1953 1416 2032 exitum,

459 2056 636 2137 impleatur.
680 2053 847 2114 Postremo
874 2051 1071 2115 antecedens
1097 2054 1278 2134 promissio,
1301 2077 1416 2120 conse-

459 2156 587 2237 quentis
612 2153 763 2216 beneficii
787 2155 920 2233 gratiam
944 2166 999 2217 aut
1021 2155 1192 2237 extinguit,
1214 2165 1269 2218 aut
1289 2157 1414 2222 minuit

457 2259 505 2320 Et
524 2257 606 2319 sicut
622 2256 742 2340 jacula,
761 2277 834 2338 quae
856 2255 1089 2339 praevidentur,
1105 2258 1222 2320 feriunt
1244 2257 1361 2336 minus,
1384 2270 1417 2323 et

454 2382 529 2444 quae
543 2358 676 2421 omnino
689 2378 755 2420 uon
771 2369 992 2439 praecaventur
1007 2359 1108 2439 magis
1122 2358 1256 2438 laedunt,
1270 2360 1317 2423 ita
1331 2370 1364 2424 et
1378 2362 1412 2426 in

455 2459 625 2524 benefieiis
641 2459 727 2542 quod
743 2480 785 2522 ex
800 2460 1013 2541 promissione
1029 2471 1220 2544 conceptum
1235 2472 1296 2535 est,
1308 2463 1414 2525 miuus

457 2562 623 2647 accipitur,
638 2572 671 2624 et
690 2562 777 2644 q'uod
798 2583 841 2624 ex
863 2562 1024 2646 insperato
1045 2565 1203 2646 provenit,
1225 2565 1343 2646 gratius
1365 2587 1418 2628 ac-

458 2673 610 2746 ceptatur.
655 2663 749 2726 Licet
763 2663 848 2724 enim
871 2662 959 2725 nuda
979 2663 1150 2745 promissio
1173 2663 1261 2746 apud
1274 2664 1366 2746 juris,
1382 2673 1418 2728 ut

459 2765 588 2837 dicitur,
603 2765 723 2847 peritos
736 2785 801 2826 non
819 2763 923 2846 pariat
943 2764 1111 2840 actionem,
1127 2760 1299 2847 promissor
1312 2765 1416 2828 omnis

456 2867 544 2949 apud
565 2867 728 2928 veritatem
750 2864 795 2941 (ut
817 2865 883 2927 dici
907 2867 997 2945 solet)
1021 2866 1172 2948 pollicem
1195 2865 1277 2942 fixit,
1294 2878 1326 2929 et
1340 2866 1414 2949 jure

456 2967 544 3028 civili
560 2975 716 3040 cessante,
736 2962 813 3026 fidei
831 2964 1019 3027 naturaliter
1041 2964 1208 3046 obligatur.
1254 2965 1319 3028 Sed
1340 2969 1413 3050 quis

454 3078 542 3129 actor
562 3065 672 3127 durius
687 3073 773 3145 aget,
799 3085 895 3146 quam
912 3063 1003 3141 fides,
1030 3065 1057 3126 si
1072 3066 1143 3148 ipsa
1159 3067 1293 3148 coeperit
1318 3089 1413 3130 accu-

454 3166 545 3231 sare?
574 3166 608 3229 Si
624 3165 690 3248 agit
704 3166 911 3239 conscientia,
929 3166 1001 3248 quis
1017 3164 1183 3230 absolvet?
1208 3167 1312 3244 Certe,

557 3289 686 3361 Exemplo
698 3288 867 3358 quodcumque
878 3288 947 3341 malo
960 3290 1139 3354 committitur,
1152 3290 1202 3360 ipsi

559 3375 689 3446 Displicet
700 3376 807 3438 auctori,
818 3376 903 3446 prims
915 3380 956 3428 est
967 3375 1023 3426 haec
1035 3373 1108 3438 ultio,
1120 3373 1189 3441 quod
1201 3389 1229 3424 se

555 3462 659 3525 Judice,
671 3478 748 3512 nemo
759 3477 853 3512 nocens
866 3459 1014 3511 absolvitur.

447 3576 486 3638 Si
501 3595 576 3636 vero
591 3573 663 3654 ipsa
671 3571 841 3655 justificat,
854 3572 930 3654 quis
946 3570 1162 3635 condemnat?
1192 3573 1407 3640 Proculdubio

451 3675 556 3758 quiin
576 3674 633 3735 illo
648 3673 778 3734 timetur
792 3671 937 3744 articu10,
955 3671 1115 3736 Dominus
1138 3685 1198 3749 est,
1214 3677 1271 3739 ubi
1293 3689 1325 3741 ct
1340 3679 1410 3743 dies

449 3775 662 3841 contemnitur
675 3774 845 3850 humanus,
856 3784 889 3836 et
904 3775 1102 3838 conscientia
1115 3777 1202 3859 quod
1215 3779 1408 3862 obloquatur

449 3900 514 3940 non
528 3876 659 3940 invenit.
705 3875 741 3938 si
761 3896 836 3938 vero
851 3875 990 3938 animam
1012 3889 1166 3940 accusant
1182 3900 1289 3962 opera,
1304 3890 1336 3943 et
1357 3882 1406 3944 illi

451 3977 650 4042 conscientia
665 3977 755 4040 testis
769 3977 901 4054 assistit,
916 3988 947 4039 et
962 3999 1092 4040 causam
1109 3979 1224 4043 veritas
1244 3982 1408 4045 examinet

447 4080 620 4162 aequitatis,
637 4078 710 4162 quis
731 4099 840 4160 quaeso
863 4079 985 4142 Praetor
999 4080 1033 4141 in
1054 4101 1151 4158 ream,
1168 4083 1406 4166 obnoxiamque

446 4180 615 4244 mendacio
632 4181 756 4261 gravius
780 4178 976 4243 vindicabit?
1009 4181 1093 4244 Saue
1110 4183 1230 4246 Praetor
1253 4184 1312 4246 etsi
1333 4185 1403 4249 viva

445 4305 512 4347 ¹voa
523 4281 605 4366 juris
617 4304 687 4346 esse
703 4281 838 4354 dicatur,
851 4283 1037 4345 sen-tentiam
1054 4283 1123 4366 ejus
1139 4284 1252 4348 veritas
1263 4286 1401 4367 plerum-
