3425 5367
298 732 370 779 cnr.
386 719 440 794 ιι]
645 734 899 782 eonrcnsrrcns.
1185 721 1248 782 268

297 884 438 954 rationis.
482 889 533 952 Ea
548 908 622 951 vero
637 909 709 973 quae
729 885 851 951 cultum
866 883 1027 969 religionis
1047 885 1079 950 in
1096 883 1187 950 nobis
1201 885 1248 948 in-

297 984 446 1066 stituunt,
460 1000 494 1054 et
514 988 698 1065 informent,
713 1001 747 1054 et
768 988 829 1056 Dei
852 989 903 1068 (ne
922 986 1096 1052 secundum
1118 985 1248 1051 Plutar-

296 1085 392 1153 chum
400 1093 541 1156 Deorum
550 1089 666 1172 dicam)
677 1088 1122 1166 ceremoniastradunmicem
1133 1087 1247 1152 snimae

295 1189 327 1252 in
342 1211 474 1277 corpore
489 1192 689 1278 Reipublicae
710 1189 865 1256 obtinent.
911 1189 988 1256 Illos
1003 1212 1088 1268 vero,
1103 1189 1162 1276 qui
1176 1189 1248 1254 reli-

296 1287 399 1375 gionia
409 1292 511 1358 cultui
523 1305 678 1379 proesunt,
690 1295 781 1378 quasi
792 1293 929 1356 animam
941 1291 1082 1378 eorporis
1091 1291 1247 1377 suspicere

296 1406 330 1456 et
343 1394 484 1459 venerari
504 1405 644 1480 oportet.
689 1392 770 1472 Quis
784 1395 868 1458 enim
890 1392 1066 1457 sanctitatis
1088 1391 1247 1458 ministros

297 1491 360 1556 Dei
374 1493 475 1578 ipsius
495 1495 629 1560 vicarios
645 1517 712 1560 esse
735 1493 895 1579 ambigit?
920 1493 1022 1558 Porro
1042 1497 1124 1558 sicut
1143 1495 1248 1558 anima

298 1593 398 1658 totius
413 1594 509 1662 hebet
523 1595 663 1684 corporis
676 1595 913 1682 principatum:
937 1595 1025 1662 itaet
1039 1594 1085 1672 hi,
1101 1618 1180 1680 quos
1194 1594 1247 1658 ille

298 1693 459 1780 religionis
472 1699 641 1784 praefeotos
656 1709 757 1776 vocat,
774 1697 833 1762 toti
847 1696 972 1782 corpori
984 1711 1135 1782 praesunt.
1179 1697 1248 1762 Au·

297 1809 413 1881 gustus
422 1800 691 1887 Caesareousque
701 1821 860 1866 sacrorum
870 1797 1075 1885 pontificibus
1084 1798 1249 1884 subjectus

260 1989 266 1998 Ι
299 1898 374 1978 suit,
389 1899 489 1966 donec
509 1903 635 1989 etipse,
655 1925 695 1969 ne
715 1903 769 1970 cui
788 1901 917 1968 omnino
939 1901 1093 1980 subesset,
1114 1898 1250 1966 Vestalis

298 2012 425 2066 orestus
445 2016 492 2068 est
514 2003 675 2084 Pontifex,
696 2016 727 2068 et
750 2002 847 2089 poulo
869 2013 944 2088 post
965 2002 1007 2066 ad
1030 2003 1116 2068 Deos
1130 2000 1250 2066 relatus

298 2113 346 2167 est
360 2102 463 2168 vivus.
508 2104 659 2192 Princeps
668 2127 742 2168 vero
756 2104 870 2190 capitis
884 2104 917 2167 in
933 2102 1111 2190 Republica
1125 2102 1249 2168 obtinet

298 2203 415 2286 locum,
429 2206 486 2270 uni
501 2207 666 2294 subjectus
681 2209 764 2284 Deo,
774 2219 807 2272 et
818 2207 868 2271 his
884 2209 942 2294 qui
951 2209 1036 2272 vices
1050 2205 1136 2270 illius
1148 2217 1249 2291 agunt

300 2303 332 2370 iu
348 2307 452 2387 terris,
473 2310 624 2395 quoniam
645 2320 678 2374 et
699 2309 732 2372 in
755 2308 896 2374 humano
918 2331 1061 2394 corpore,
1082 2307 1124 2372 ab
1145 2310 1252 2373 enims

301 2420 469 2491 vegetatur
496 2421 649 2494 caputet
675 2408 807 2494 regitur.
852 2407 968 2475 Cordis
990 2405 1094 2472 locum
1125 2421 1251 2473 senatus

301 2506 436 2584 obtinet,
451 2529 544 2592 aquo
551 2507 707 2572 bonorum
717 2529 850 2593 operum
865 2519 897 2572 et
908 2508 1061 2573 malorum
1073 2508 1251 2593 procedunt

301 2605 403 2670 initia.
425 2607 614 2682 Oculorum,
625 2606 764 2687 aurium,
773 2621 805 2672 et
817 2608 937 2694 lingum
948 2607 1061 2685 officia,
1073 2607 1133 2672 sibi
1142 2608 1252 2673 vendi·

302 2721 378 2774 cant
394 2709 522 2795 judices
542 2722 575 2775 et
596 2709 748 2796 presides
769 2709 1016 2796 provinciarum.
1040 2709 1198 2774 Officiales
1219 2723 1252 2775 et

300 2809 419 2875 milites
442 2811 591 2876 manibus
612 2823 815 2897 coaptentur.
860 2812 924 2890 Qui
948 2833 1071 2898 semper
1092 2811 1251 2878 adsistunt

302 2911 451 2998 principi,
469 2910 623 2976 lateribus
640 2909 865 2978 assimilantur.
910 2913 1093 2990 Quaestores
1114 2926 1147 2978 et
1169 2935 1253 2978 com·

302 3012 537 3092 monterionem,
558 3035 621 3078 non
641 3013 713 3078 illos
726 3012 799 3078 dico
818 3015 876 3101 qui
894 3014 1076 3080 carceribus
1095 3027 1252 3102 praesunt,

303 3114 359 3180 aed
380 3117 510 3181 comites
524 3137 630 3180 mum
652 3115 862 3202 privatarum,
877 3117 917 3184 ad
939 3117 1059 3183 ventris
1079 3131 1113 3183 et
1129 3118 1253 3183 intesti-

303 3239 419 3282 norum
439 3217 538 3282 refert
557 3217 740 3302 imaginem.
783 3219 865 3295 Quae
881 3220 908 3283 si
923 3219 1076 3284 immenso
1097 3219 1251 3285 aviditate

304 3319 529 3404 congesserint,
550 3333 584 3384 et
605 3332 756 3404 congesta
776 3320 919 3384 tenacius
944 3321 1182 3402 reservaverint,
1204 3321 1253 3386 in·

303 3422 514 3488 numerabiles
527 3435 561 3488 et
581 3422 773 3488 incurabiles
786 3435 939 3508 genemt
961 3423 1099 3502 morbos,
1122 3437 1159 3488 ut
1174 3423 1254 3488 vitio

305 3547 414 3589 eorum
430 3525 529 3592 totius
542 3525 684 3612 corporis
696 3524 790 3588 ruina
803 3523 976 3590 imminent.
1021 3523 1163 3590 Pedibus
1178 3545 1253 3590 vero

304 3625 371 3690 solo
379 3627 502 3712 jugiter
512 3625 752 3706 inherentibus,
760 3625 908 3711 agricole
917 3637 1119 3713 coaptantur,
1132 3625 1253 3714 quibus

303 3727 418 3814 ospitis
444 3729 645 3815 providentia
666 3741 757 3795 tsnto
785 3729 888 3815 magis
911 3728 1084 3794 necessaria
1104 3740 1165 3806 est,
1188 3751 1254 3814 qno

303 3833 399 3917 plura
411 3829 578 3896 inveniunt
591 3831 793 3907 offendicula,
803 3833 883 3896 dum
898 3830 929 3894 in
945 3829 1100 3914 obsequio
1113 3833 1255 3916 corporis

304 3931 338 3995 in
366 3943 452 3996 terre
478 3931 681 4016 gradiuntur,
708 3935 819 4016 eisque
844 3931 966 4017 justius
997 3941 1253 4016 tegumentorum

305 4031 441 4098 debetur
451 4033 653 4118 suffugium,
668 4031 724 4118 qui
740 4035 840 4097 totins
848 4031 990 4118 corporis
1004 4031 1144 4116 erigunt,
1160 4030 1255 4096 susti·

303 4147 391 4210 nent,
401 4148 434 4200 et
445 4149 633 4223 promovent
642 4135 768 4201 molem.
793 4133 917 4205 Pedum
933 4133 1128 4202 adminicula
1142 4134 1254 4198 robus-

302 4235 424 4302 tissimo
444 4259 576 4323 corpore
597 4237 684 4316 tolle,
697 4236 763 4302 suia
785 4236 907 4302 viribus
929 4257 991 4300 non
1013 4235 1175 4322 procedet,
1199 4235 1254 4301 sed

304 4349 361 4402 eut
391 4335 540 4422 turpiter,
570 4336 739 4414 inutiliter,
763 4350 794 4402 et
817 4339 948 4402 moleste
977 4336 1123 4401 manibus
1153 4349 1253 4421 repet,
