<?xml version="1.0" encoding="UTF-8"?>
<!DOCTYPE html PUBLIC "-//W3C//DTD XHTML 1.0 Transitional//EN"
    "http://www.w3.org/TR/xhtml1/DTD/xhtml1-transitional.dtd">
<html xmlns="http://www.w3.org/1999/xhtml" xml:lang="en" lang="en">
 <head>
  <title>
</title>
<meta http-equiv="Content-Type" content="text/html;charset=utf-8" />
  <meta name='ocr-system' content='tesseract 3.04.00' />
  <meta name='ocr-capabilities' content='ocr_page ocr_carea ocr_par ocr_line ocrx_word'/>
</head>
<body>
  <div class='ocr_page' id='page_1' title='image "./operaomnianuncp04johngoog_0097.png"; bbox 0 0 3425 5367; ppageno 0'>
   <div class='ocr_carea' id='block_1_1' title="bbox 451 713 1407 793">
    <p class='ocr_par' dir='ltr' id='par_1_1' title="bbox 451 713 1407 793">
     <span class='ocr_line' id='line_1_1' title="bbox 451 713 1407 793; baseline 0 -14"><span class='ocrx_word' id='word_1_1' title='bbox 451 721 492 780; x_wconf 82' lang='grc'><strong>86</strong></span> <span class='ocrx_word' id='word_1_2' title='bbox 719 731 855 776; x_wconf 77' lang='lat' dir='ltr'><strong>sonuum</strong></span> <span class='ocrx_word' id='word_1_3' title='bbox 870 730 1149 776; x_wconf 78' lang='lat' dir='ltr'><strong>sannsnaruunsrs</strong></span> <span class='ocrx_word' id='word_1_4' title='bbox 1269 713 1352 793; x_wconf 83' lang='lat' dir='ltr'><strong>[nm.</strong></span> <span class='ocrx_word' id='word_1_5' title='bbox 1368 735 1407 779; x_wconf 92' lang='lat'><strong>11.</strong></span> 
     </span>
    </p>
   </div>
   <div class='ocr_carea' id='block_1_2' title="bbox 453 880 1409 1276">
    <p class='ocr_par' dir='ltr' id='par_1_2' title="bbox 453 880 1409 1276">
     <span class='ocr_line' id='line_1_2' title="bbox 455 880 1409 970; baseline 0.002 -22"><span class='ocrx_word' id='word_1_6' title='bbox 455 907 553 970; x_wconf 89' lang='lat' dir='ltr'><strong>quam</strong></span> <span class='ocrx_word' id='word_1_7' title='bbox 577 882 759 948; x_wconf 79' lang='lat' dir='ltr'><strong>daemonum</strong></span> <span class='ocrx_word' id='word_1_8' title='bbox 787 893 883 958; x_wconf 92' lang='lat' dir='ltr'><strong>nutu,</strong></span> <span class='ocrx_word' id='word_1_9' title='bbox 905 880 1012 946; x_wconf 90' lang='lat' dir='ltr'><strong>sedem</strong></span> <span class='ocrx_word' id='word_1_10' title='bbox 1039 881 1163 961; x_wconf 80' lang='lat' dir='ltr'><strong>statuit,</strong></span> <span class='ocrx_word' id='word_1_11' title='bbox 1183 891 1217 948; x_wconf 83' lang='lat' dir='ltr'><strong>et</strong></span> <span class='ocrx_word' id='word_1_12' title='bbox 1238 897 1409 950; x_wconf 78' lang='lat' dir='ltr'><strong>sementem</strong></span> 
     </span>
     <span class='ocr_line' id='line_1_3' title="bbox 455 971 1409 1080; baseline 0.001 -30"><span class='ocrx_word' id='word_1_13' title='bbox 455 986 592 1050; x_wconf 88' lang='lat' dir='ltr'><strong>Romani</strong></span> <span class='ocrx_word' id='word_1_14' title='bbox 607 985 742 1070; x_wconf 82' lang='lat' dir='ltr'><strong>generis,</strong></span> <span class='ocrx_word' id='word_1_15' title='bbox 757 987 789 1048; x_wconf 92' lang='lat' dir='ltr'><strong>in</strong></span> <span class='ocrx_word' id='word_1_16' title='bbox 805 983 901 1048; x_wconf 87' lang='lat' dir='ltr'><strong>borto</strong></span> <span class='ocrx_word' id='word_1_17' title='bbox 915 982 974 1070; x_wconf 88' lang='lat' dir='ltr'><strong>qui</strong></span> <span class='ocrx_word' id='word_1_18' title='bbox 988 983 1035 1047; x_wconf 85' lang='lat' dir='ltr'><strong>eis</strong></span> <span class='ocrx_word' id='word_1_19' title='bbox 1052 971 1299 1080; x_wconf 73' lang='lat' dir='ltr'><strong>complacuerat,</strong></span> <span class='ocrx_word' id='word_1_20' title='bbox 1314 988 1409 1051; x_wconf 90' lang='lat' dir='ltr'><strong>semi·</strong></span> 
     </span>
     <span class='ocr_line' id='line_1_4' title="bbox 453 1082 1408 1174; baseline 0 -22"><span class='ocrx_word' id='word_1_21' title='bbox 453 1091 552 1153; x_wconf 88' lang='lat' dir='ltr'><strong>navit.</strong></span> <span class='ocrx_word' id='word_1_22' title='bbox 598 1083 688 1158; x_wconf 90' lang='lat' dir='ltr'><strong>Quid</strong></span> <span class='ocrx_word' id='word_1_23' title='bbox 715 1085 799 1148; x_wconf 90' lang='lat' dir='ltr'><strong>enim</strong></span> <span class='ocrx_word' id='word_1_24' title='bbox 825 1082 912 1149; x_wconf 85' lang='lat' dir='ltr'><strong>aliud</strong></span> <span class='ocrx_word' id='word_1_25' title='bbox 938 1085 1007 1169; x_wconf 84' lang='lat' dir='ltr'><strong>agit</strong></span> <span class='ocrx_word' id='word_1_26' title='bbox 1028 1084 1061 1148; x_wconf 93' lang='lat' dir='ltr'><strong>in</strong></span> <span class='ocrx_word' id='word_1_27' title='bbox 1084 1089 1201 1151; x_wconf 90' lang='lat' dir='ltr'><strong>somnis</strong></span> <span class='ocrx_word' id='word_1_28' title='bbox 1222 1100 1315 1174; x_wconf 87' lang='lat' dir='ltr'><strong>pater</strong></span> <span class='ocrx_word' id='word_1_29' title='bbox 1336 1091 1408 1152; x_wconf 90' lang='lat' dir='ltr'><strong>An-</strong></span> 
     </span>
     <span class='ocr_line' id='line_1_5' title="bbox 453 1185 1408 1276; baseline 0.003 -24"><span class='ocrx_word' id='word_1_30' title='bbox 453 1189 565 1268; x_wconf 88' lang='lat' dir='ltr'><strong>chises,</strong></span> <span class='ocrx_word' id='word_1_31' title='bbox 591 1186 671 1274; x_wconf 92' lang='lat' dir='ltr'><strong>quid</strong></span> <span class='ocrx_word' id='word_1_32' title='bbox 698 1186 840 1270; x_wconf 84' lang='lat' dir='ltr'><strong>Jupiter,</strong></span> <span class='ocrx_word' id='word_1_33' title='bbox 865 1185 945 1270; x_wconf 91' lang='lat' dir='ltr'><strong>quid</strong></span> <span class='ocrx_word' id='word_1_34' title='bbox 972 1185 1100 1272; x_wconf 85' lang='lat' dir='ltr'><strong>Apollo,</strong></span> <span class='ocrx_word' id='word_1_35' title='bbox 1127 1187 1207 1272; x_wconf 91' lang='lat' dir='ltr'><strong>quid</strong></span> <span class='ocrx_word' id='word_1_36' title='bbox 1236 1188 1302 1269; x_wconf 89' lang='lat' dir='ltr'><strong>alii,</strong></span> <span class='ocrx_word' id='word_1_37' title='bbox 1326 1213 1408 1276; x_wconf 89' lang='lat' dir='ltr'><strong>quos</strong></span> 
     </span>
    </p>
   </div>
   <div class='ocr_carea' id='block_1_3' title="bbox 453 1285 1410 3308">
    <p class='ocr_par' dir='ltr' id='par_1_3' title="bbox 453 1285 1410 3308">
     <span class='ocr_line' id='line_1_6' title="bbox 453 1285 1410 1374; baseline 0 -20"><span class='ocrx_word' id='word_1_38' title='bbox 453 1291 585 1374; x_wconf 82' lang='lat' dir='ltr'><strong>longum</strong></span> <span class='ocrx_word' id='word_1_39' title='bbox 601 1302 650 1354; x_wconf 87' lang='lat' dir='ltr'><strong>est</strong></span> <span class='ocrx_word' id='word_1_40' title='bbox 671 1287 829 1352; x_wconf 86' lang='lat' dir='ltr'><strong>recitare?</strong></span> <span class='ocrx_word' id='word_1_41' title='bbox 867 1285 966 1350; x_wconf 86' lang='lat' dir='ltr'>Unde</span> <span class='ocrx_word' id='word_1_42' title='bbox 986 1287 1012 1350; x_wconf 82' lang='lat' dir='ltr'><strong>si</strong></span> <span class='ocrx_word' id='word_1_43' title='bbox 1032 1286 1075 1350; x_wconf 88' lang='lat' dir='ltr'><strong>de</strong></span> <span class='ocrx_word' id='word_1_44' title='bbox 1094 1287 1212 1352; x_wconf 88' lang='lat' dir='ltr'><strong>semine</strong></span> <span class='ocrx_word' id='word_1_45' title='bbox 1231 1287 1287 1352; x_wconf 92' lang='lat' dir='ltr'><strong>illo</strong></span> <span class='ocrx_word' id='word_1_46' title='bbox 1307 1311 1410 1371; x_wconf 67' lang='lat' dir='ltr'><strong>genus</strong></span> 
     </span>
     <span class='ocr_line' id='line_1_7' title="bbox 453 1387 1410 1475; baseline 0.002 -21"><span class='ocrx_word' id='word_1_47' title='bbox 453 1391 557 1456; x_wconf 90' lang='lat' dir='ltr'><strong>oritur</strong></span> <span class='ocrx_word' id='word_1_48' title='bbox 580 1389 767 1464; x_wconf 84' lang='lat' dir='ltr'><strong>toxicatum,</strong></span> <span class='ocrx_word' id='word_1_49' title='bbox 790 1387 926 1475; x_wconf 88' lang='lat' dir='ltr'><strong>impium</strong></span> <span class='ocrx_word' id='word_1_50' title='bbox 948 1387 981 1452; x_wconf 89' lang='lat' dir='ltr'><strong>in</strong></span> <span class='ocrx_word' id='word_1_51' title='bbox 1005 1391 1125 1466; x_wconf 92' lang='lat' dir='ltr'><strong>Deum,</strong></span> <span class='ocrx_word' id='word_1_52' title='bbox 1146 1389 1275 1454; x_wconf 87' lang='lat' dir='ltr'><strong>crudele</strong></span> <span class='ocrx_word' id='word_1_53' title='bbox 1297 1389 1330 1454; x_wconf 93' lang='lat' dir='ltr'><strong>in</strong></span> <span class='ocrx_word' id='word_1_54' title='bbox 1353 1389 1410 1456; x_wconf 88' lang='lat' dir='ltr'><strong>bo-</strong></span> 
     </span>
     <span class='ocr_line' id='line_1_8' title="bbox 453 1490 1408 1577; baseline -0.003 -19"><span class='ocrx_word' id='word_1_55' title='bbox 453 1497 564 1572; x_wconf 88' lang='lat' dir='ltr'><strong>mines,</strong></span> <span class='ocrx_word' id='word_1_56' title='bbox 585 1492 799 1577; x_wconf 76' lang='lat' dir='ltr'><strong>persecutioni</strong></span> <span class='ocrx_word' id='word_1_57' title='bbox 824 1505 1007 1555; x_wconf 86' lang='lat' dir='ltr'><strong>sanctorum</strong></span> <span class='ocrx_word' id='word_1_58' title='bbox 1031 1490 1216 1576; x_wconf 72' lang='lat' dir='ltr'><strong>invigilans,</strong></span> <span class='ocrx_word' id='word_1_59' title='bbox 1236 1491 1300 1555; x_wconf 89' lang='lat' dir='ltr'><strong>lide</strong></span> <span class='ocrx_word' id='word_1_60' title='bbox 1324 1515 1408 1570; x_wconf 83' lang='lat' dir='ltr'><strong>rara,</strong></span> 
     </span>
     <span class='ocr_line' id='line_1_9' title="bbox 454 1591 1408 1680; baseline -0.002 -20"><span class='ocrx_word' id='word_1_61' title='bbox 454 1595 596 1661; x_wconf 89' lang='lat' dir='ltr'><strong>sollemni</strong></span> <span class='ocrx_word' id='word_1_62' title='bbox 611 1591 757 1680; x_wconf 85' lang='lat' dir='ltr'><strong>perfidia,</strong></span> <span class='ocrx_word' id='word_1_63' title='bbox 768 1592 882 1658; x_wconf 87' lang='lat' dir='ltr'><strong>servile</strong></span> <span class='ocrx_word' id='word_1_64' title='bbox 893 1592 1048 1670; x_wconf 90' lang='lat' dir='ltr'><strong>moribus,</strong></span> <span class='ocrx_word' id='word_1_65' title='bbox 1058 1592 1144 1656; x_wconf 81' lang='lat' dir='ltr'><strong>fastu</strong></span> <span class='ocrx_word' id='word_1_66' title='bbox 1160 1593 1276 1678; x_wconf 79' lang='lat' dir='ltr'><strong>regale,</strong></span> <span class='ocrx_word' id='word_1_67' title='bbox 1286 1594 1408 1658; x_wconf 79' lang='lat' dir='ltr'><strong>loedum</strong></span> 
     </span>
     <span class='ocr_line' id='line_1_10' title="bbox 453 1693 1407 1781; baseline 0 -21"><span class='ocrx_word' id='word_1_68' title='bbox 453 1696 599 1774; x_wconf 85' lang='lat' dir='ltr'><strong>avaritia,</strong></span> <span class='ocrx_word' id='word_1_69' title='bbox 628 1694 862 1781; x_wconf 84' lang='lat' dir='ltr'><strong>cupiditatibus</strong></span> <span class='ocrx_word' id='word_1_70' title='bbox 890 1693 1025 1777; x_wconf 84' lang='lat' dir='ltr'><strong>insigne,</strong></span> <span class='ocrx_word' id='word_1_71' title='bbox 1058 1693 1209 1778; x_wconf 89' lang='lat' dir='ltr'><strong>superbia</strong></span> <span class='ocrx_word' id='word_1_72' title='bbox 1237 1695 1407 1773; x_wconf 90' lang='lat' dir='ltr'><strong>tumidum,</strong></span> 
     </span>
     <span class='ocr_line' id='line_1_11' title="bbox 454 1792 1408 1880; baseline -0.001 -18"><span class='ocrx_word' id='word_1_73' title='bbox 454 1797 636 1862; x_wconf 89' lang='lat' dir='ltr'><strong>omnimoda</strong></span> <span class='ocrx_word' id='word_1_74' title='bbox 669 1795 812 1880; x_wconf 86' lang='lat' dir='ltr'><strong>nequitia</strong></span> <span class='ocrx_word' id='word_1_75' title='bbox 847 1815 910 1856; x_wconf 90' lang='lat' dir='ltr'><strong>non</strong></span> <span class='ocrx_word' id='word_1_76' title='bbox 946 1792 1125 1875; x_wconf 85' lang='lat' dir='ltr'><strong>ferendum,</strong></span> <span class='ocrx_word' id='word_1_77' title='bbox 1154 1797 1314 1861; x_wconf 85' lang='lat' dir='ltr'><strong>miraculis</strong></span> <span class='ocrx_word' id='word_1_78' title='bbox 1344 1820 1408 1862; x_wconf 92' lang='lat' dir='ltr'><strong>non</strong></span> 
     </span>
     <span class='ocr_line' id='line_1_12' title="bbox 454 1895 1408 1982; baseline -0.002 -18"><span class='ocrx_word' id='word_1_79' title='bbox 454 1899 550 1964; x_wconf 90' lang='lat' dir='ltr'><strong>debet</strong></span> <span class='ocrx_word' id='word_1_80' title='bbox 568 1896 721 1970; x_wconf 82' lang='lat' dir='ltr'><strong>adscribi;</strong></span> <span class='ocrx_word' id='word_1_81' title='bbox 753 1918 854 1982; x_wconf 94' lang='lat' dir='ltr'><strong>quum</strong></span> <span class='ocrx_word' id='word_1_82' title='bbox 870 1907 983 1960; x_wconf 88' lang='lat' dir='ltr'><strong>auctor</strong></span> <span class='ocrx_word' id='word_1_83' title='bbox 1003 1918 1113 1960; x_wconf 86' lang='lat' dir='ltr'><strong>eorum</strong></span> <span class='ocrx_word' id='word_1_84' title='bbox 1129 1895 1288 1961; x_wconf 86' lang='lat' dir='ltr'><strong>homicida</strong></span> <span class='ocrx_word' id='word_1_85' title='bbox 1309 1898 1408 1962; x_wconf 82' lang='lat' dir='ltr'><strong>fuerit</strong></span> 
     </span>
     <span class='ocr_line' id='line_1_13' title="bbox 455 1998 1410 2086; baseline 0.001 -22"><span class='ocrx_word' id='word_1_86' title='bbox 455 2002 497 2064; x_wconf 87' lang='lat' dir='ltr'><strong>ab</strong></span> <span class='ocrx_word' id='word_1_87' title='bbox 517 2000 621 2077; x_wconf 90' lang='lat' dir='ltr'><strong>initio,</strong></span> <span class='ocrx_word' id='word_1_88' title='bbox 639 2013 671 2062; x_wconf 88' lang='lat' dir='ltr'><strong>et</strong></span> <span class='ocrx_word' id='word_1_89' title='bbox 696 2023 715 2064; x_wconf 84' lang='lat' dir='ltr'><strong>a</strong></span> <span class='ocrx_word' id='word_1_90' title='bbox 729 2001 865 2064; x_wconf 85' lang='lat' dir='ltr'><strong>veritate</strong></span> <span class='ocrx_word' id='word_1_91' title='bbox 878 1998 1038 2079; x_wconf 89' lang='lat' dir='ltr'><strong>deficiens,</strong></span> <span class='ocrx_word' id='word_1_92' title='bbox 1053 1998 1183 2063; x_wconf 83' lang='lat' dir='ltr'><strong>invidiae</strong></span> <span class='ocrx_word' id='word_1_93' title='bbox 1199 1999 1321 2086; x_wconf 87' lang='lat' dir='ltr'><strong>spiculo</strong></span> <span class='ocrx_word' id='word_1_94' title='bbox 1339 2003 1410 2067; x_wconf 90' lang='lat' dir='ltr'><strong>orbi</strong></span> 
     </span>
     <span class='ocr_line' id='line_1_14' title="bbox 455 2099 1407 2190; baseline 0.003 -25"><span class='ocrx_word' id='word_1_95' title='bbox 455 2115 609 2165; x_wconf 87' lang='lat' dir='ltr'><strong>terrarum</strong></span> <span class='ocrx_word' id='word_1_96' title='bbox 633 2100 774 2164; x_wconf 86' lang='lat' dir='ltr'><strong>infixerit</strong></span> <span class='ocrx_word' id='word_1_97' title='bbox 797 2112 942 2164; x_wconf 92' lang='lat' dir='ltr'><strong>mortem.</strong></span> <span class='ocrx_word' id='word_1_98' title='bbox 989 2099 1056 2174; x_wconf 87' lang='lat' dir='ltr'><strong>Qui</strong></span> <span class='ocrx_word' id='word_1_99' title='bbox 1081 2125 1159 2187; x_wconf 82' lang='lat' dir='ltr'><strong>ergo</strong></span> <span class='ocrx_word' id='word_1_100' title='bbox 1184 2125 1224 2166; x_wconf 86' lang='lat' dir='ltr'><strong>ex</strong></span> <span class='ocrx_word' id='word_1_101' title='bbox 1252 2126 1291 2167; x_wconf 91' lang='lat' dir='ltr'><strong>eo</strong></span> <span class='ocrx_word' id='word_1_102' title='bbox 1314 2116 1407 2190; x_wconf 83' lang='lat' dir='ltr'><strong>patre</strong></span> 
     </span>
     <span class='ocr_line' id='line_1_15' title="bbox 454 2201 1409 2290; baseline 0.003 -24"><span class='ocrx_word' id='word_1_103' title='bbox 454 2216 539 2282; x_wconf 89' lang='lat' dir='ltr'><strong>sunt,</strong></span> <span class='ocrx_word' id='word_1_104' title='bbox 564 2201 623 2266; x_wconf 91' lang='lat' dir='ltr'><strong>etsi</strong></span> <span class='ocrx_word' id='word_1_105' title='bbox 650 2202 720 2287; x_wconf 87' lang='lat' dir='ltr'><strong>ejus</strong></span> <span class='ocrx_word' id='word_1_106' title='bbox 746 2216 907 2287; x_wconf 88' lang='lat' dir='ltr'><strong>nequeant</strong></span> <span class='ocrx_word' id='word_1_107' title='bbox 931 2203 1064 2290; x_wconf 89' lang='lat' dir='ltr'><strong>implere</strong></span> <span class='ocrx_word' id='word_1_108' title='bbox 1090 2226 1283 2286; x_wconf 87' lang='lat' dir='ltr'><strong>mensuram,</strong></span> <span class='ocrx_word' id='word_1_109' title='bbox 1307 2205 1409 2270; x_wconf 86' lang='lat' dir='ltr'><strong>solent</strong></span> 
     </span>
     <span class='ocr_line' id='line_1_16' title="bbox 455 2303 1408 2371; baseline 0 -1"><span class='ocrx_word' id='word_1_110' title='bbox 455 2320 559 2370; x_wconf 88' lang='lat' dir='ltr'><strong>tamen</strong></span> <span class='ocrx_word' id='word_1_111' title='bbox 575 2303 662 2367; x_wconf 90' lang='lat' dir='ltr'><strong>illius</strong></span> <span class='ocrx_word' id='word_1_112' title='bbox 676 2303 795 2368; x_wconf 89' lang='lat' dir='ltr'><strong>imitari</strong></span> <span class='ocrx_word' id='word_1_113' title='bbox 812 2303 983 2370; x_wconf 86' lang='lat' dir='ltr'><strong>malitiam:</strong></span> <span class='ocrx_word' id='word_1_114' title='bbox 1004 2305 1078 2370; x_wconf 88' lang='lat' dir='ltr'><strong>licet</strong></span> <span class='ocrx_word' id='word_1_115' title='bbox 1099 2308 1131 2368; x_wconf 91' lang='lat' dir='ltr'><strong>in</strong></span> <span class='ocrx_word' id='word_1_116' title='bbox 1147 2305 1241 2370; x_wconf 90' lang='lat' dir='ltr'><strong>horto</strong></span> <span class='ocrx_word' id='word_1_117' title='bbox 1260 2306 1316 2371; x_wconf 90' lang='lat' dir='ltr'><strong>illo</strong></span> <span class='ocrx_word' id='word_1_118' title='bbox 1329 2329 1408 2370; x_wconf 89' lang='lat' dir='ltr'><strong>non-</strong></span> 
     </span>
     <span class='ocr_line' id='line_1_17' title="bbox 453 2405 1409 2494; baseline 0.002 -24"><span class='ocrx_word' id='word_1_119' title='bbox 453 2406 557 2472; x_wconf 92' lang='lat' dir='ltr'><strong>nullas</strong></span> <span class='ocrx_word' id='word_1_120' title='bbox 572 2405 707 2492; x_wconf 87' lang='lat' dir='ltr'><strong>plantas,</strong></span> <span class='ocrx_word' id='word_1_121' title='bbox 724 2429 795 2492; x_wconf 84' lang='lat' dir='ltr'><strong>quae</strong></span> <span class='ocrx_word' id='word_1_122' title='bbox 819 2406 949 2471; x_wconf 90' lang='lat' dir='ltr'><strong>virtutis</strong></span> <span class='ocrx_word' id='word_1_123' title='bbox 963 2406 1106 2472; x_wconf 86' lang='lat' dir='ltr'><strong>fructum</strong></span> <span class='ocrx_word' id='word_1_124' title='bbox 1121 2406 1304 2491; x_wconf 85' lang='lat' dir='ltr'><strong>irrigatione</strong></span> <span class='ocrx_word' id='word_1_125' title='bbox 1319 2411 1409 2494; x_wconf 90' lang='lat' dir='ltr'><strong>Apo-</strong></span> 
     </span>
     <span class='ocr_line' id='line_1_18' title="bbox 454 2507 1408 2584; baseline 0.002 -12"><span class='ocrx_word' id='word_1_126' title='bbox 454 2507 563 2574; x_wconf 84' lang='lat' dir='ltr'><strong>stolica</strong></span> <span class='ocrx_word' id='word_1_127' title='bbox 575 2508 709 2584; x_wconf 87' lang='lat' dir='ltr'><strong>faciunt,</strong></span> <span class='ocrx_word' id='word_1_128' title='bbox 722 2530 817 2572; x_wconf 88' lang='lat' dir='ltr'><strong>manu</strong></span> <span class='ocrx_word' id='word_1_129' title='bbox 830 2507 951 2573; x_wconf 92' lang='lat' dir='ltr'><strong>domini</strong></span> <span class='ocrx_word' id='word_1_130' title='bbox 961 2520 1083 2573; x_wconf 90' lang='lat' dir='ltr'><strong>constet</strong></span> <span class='ocrx_word' id='word_1_131' title='bbox 1095 2531 1162 2572; x_wconf 88' lang='lat' dir='ltr'><strong>esse</strong></span> <span class='ocrx_word' id='word_1_132' title='bbox 1175 2512 1315 2574; x_wconf 83' lang='lat' dir='ltr'><strong>insertas.</strong></span> <span class='ocrx_word' id='word_1_133' title='bbox 1344 2510 1408 2574; x_wconf 89' lang='lat' dir='ltr'><strong>Sed</strong></span> 
     </span>
     <span class='ocr_line' id='line_1_19' title="bbox 453 2610 1407 2698; baseline 0.001 -21"><span class='ocrx_word' id='word_1_134' title='bbox 453 2612 479 2677; x_wconf 82' lang='lat' dir='ltr'><strong>si</strong></span> <span class='ocrx_word' id='word_1_135' title='bbox 489 2615 562 2698; x_wconf 90' lang='lat' dir='ltr'><strong>quis</strong></span> <span class='ocrx_word' id='word_1_136' title='bbox 572 2611 612 2676; x_wconf 89' lang='lat' dir='ltr'><strong>ab</strong></span> <span class='ocrx_word' id='word_1_137' title='bbox 623 2610 715 2676; x_wconf 88' lang='lat' dir='ltr'><strong>initio</strong></span> <span class='ocrx_word' id='word_1_138' title='bbox 725 2611 814 2676; x_wconf 89' lang='lat' dir='ltr'><strong>urbis</strong></span> <span class='ocrx_word' id='word_1_139' title='bbox 822 2610 960 2678; x_wconf 86' lang='lat' dir='ltr'><strong>conditae</strong></span> <span class='ocrx_word' id='word_1_140' title='bbox 973 2623 1073 2678; x_wconf 91' lang='lat' dir='ltr'><strong>totam</strong></span> <span class='ocrx_word' id='word_1_141' title='bbox 1083 2611 1224 2678; x_wconf 81' lang='lat' dir='ltr'><strong>revolvat</strong></span> <span class='ocrx_word' id='word_1_142' title='bbox 1232 2612 1407 2691; x_wconf 88' lang='lat' dir='ltr'><strong>historiam,</strong></span> 
     </span>
     <span class='ocr_line' id='line_1_20' title="bbox 455 2713 1407 2800; baseline 0.004 -22"><span class='ocrx_word' id='word_1_143' title='bbox 455 2738 508 2778; x_wconf 90' lang='lat' dir='ltr'><strong>eos</strong></span> <span class='ocrx_word' id='word_1_144' title='bbox 519 2714 692 2779; x_wconf 89' lang='lat' dir='ltr'><strong>ambitione</strong></span> <span class='ocrx_word' id='word_1_145' title='bbox 703 2727 735 2780; x_wconf 89' lang='lat' dir='ltr'><strong>et</strong></span> <span class='ocrx_word' id='word_1_146' title='bbox 747 2713 881 2779; x_wconf 84' lang='lat' dir='ltr'><strong>avaritia</strong></span> <span class='ocrx_word' id='word_1_147' title='bbox 891 2737 960 2800; x_wconf 85' lang='lat' dir='ltr'><strong>prae</strong></span> <span class='ocrx_word' id='word_1_148' title='bbox 971 2717 1094 2779; x_wconf 67' lang='lat' dir='ltr'><strong>caeteris</strong></span> <span class='ocrx_word' id='word_1_149' title='bbox 1108 2715 1258 2799; x_wconf 84' lang='lat' dir='ltr'><strong>gentibus</strong></span> <span class='ocrx_word' id='word_1_150' title='bbox 1268 2714 1407 2782; x_wconf 87' lang='lat' dir='ltr'><strong>inveniet</strong></span> 
     </span>
     <span class='ocr_line' id='line_1_21' title="bbox 453 2816 1408 2903; baseline 0.001 -24"><span class='ocrx_word' id='word_1_151' title='bbox 453 2816 623 2894; x_wconf 87' lang='lat' dir='ltr'><strong>laborasse,</strong></span> <span class='ocrx_word' id='word_1_152' title='bbox 639 2829 671 2882; x_wconf 90' lang='lat' dir='ltr'><strong>et</strong></span> <span class='ocrx_word' id='word_1_153' title='bbox 687 2817 783 2881; x_wconf 88' lang='lat' dir='ltr'><strong>variis</strong></span> <span class='ocrx_word' id='word_1_154' title='bbox 802 2817 1012 2883; x_wconf 84' lang='lat' dir='ltr'><strong>seditionibus</strong></span> <span class='ocrx_word' id='word_1_155' title='bbox 1031 2830 1064 2882; x_wconf 87' lang='lat' dir='ltr'><strong>et</strong></span> <span class='ocrx_word' id='word_1_156' title='bbox 1083 2816 1187 2903; x_wconf 86' lang='lat' dir='ltr'><strong>plagis</strong></span> <span class='ocrx_word' id='word_1_157' title='bbox 1208 2830 1312 2883; x_wconf 91' lang='lat' dir='ltr'><strong>totum</strong></span> <span class='ocrx_word' id='word_1_158' title='bbox 1334 2839 1408 2880; x_wconf 90' lang='lat' dir='ltr'><strong>con-</strong></span> 
     </span>
     <span class='ocr_line' id='line_1_22' title="bbox 454 2919 1408 3004; baseline 0 -20"><span class='ocrx_word' id='word_1_159' title='bbox 454 2920 588 2986; x_wconf 86' lang='lat' dir='ltr'><strong>cussisse</strong></span> <span class='ocrx_word' id='word_1_160' title='bbox 602 2919 723 2982; x_wconf 89' lang='lat' dir='ltr'><strong>orbem.</strong></span> <span class='ocrx_word' id='word_1_161' title='bbox 765 2919 833 3004; x_wconf 88' lang='lat' dir='ltr'><strong>Ipsi</strong></span> <span class='ocrx_word' id='word_1_162' title='bbox 843 2941 973 3004; x_wconf 88' lang='lat' dir='ltr'><strong>quoque</strong></span> <span class='ocrx_word' id='word_1_163' title='bbox 984 2919 1164 3004; x_wconf 87' lang='lat' dir='ltr'><strong>tyrannidis</strong></span> <span class='ocrx_word' id='word_1_164' title='bbox 1175 2932 1207 2984; x_wconf 90' lang='lat' dir='ltr'><strong>et</strong></span> <span class='ocrx_word' id='word_1_165' title='bbox 1217 2919 1408 2984; x_wconf 88' lang='lat' dir='ltr'><strong>seditionum</strong></span> 
     </span>
     <span class='ocr_line' id='line_1_23' title="bbox 455 3019 1406 3107; baseline 0 -23"><span class='ocrx_word' id='word_1_166' title='bbox 455 3043 596 3099; x_wconf 88' lang='lat' dir='ltr'><strong>suarum,</strong></span> <span class='ocrx_word' id='word_1_167' title='bbox 608 3033 673 3084; x_wconf 85' lang='lat' dir='ltr'><strong>tam</strong></span> <span class='ocrx_word' id='word_1_168' title='bbox 685 3019 796 3082; x_wconf 85' lang='lat' dir='ltr'><strong>crebra</strong></span> <span class='ocrx_word' id='word_1_169' title='bbox 807 3021 926 3084; x_wconf 88' lang='lat' dir='ltr'><strong>damna</strong></span> <span class='ocrx_word' id='word_1_170' title='bbox 935 3033 1111 3099; x_wconf 82' lang='lat' dir='ltr'><strong>senserunt,</strong></span> <span class='ocrx_word' id='word_1_171' title='bbox 1120 3034 1158 3084; x_wconf 92' lang='lat' dir='ltr'><strong>ut</strong></span> <span class='ocrx_word' id='word_1_172' title='bbox 1169 3024 1225 3086; x_wconf 82' lang='lat' dir='ltr'><strong>vix</strong></span> <span class='ocrx_word' id='word_1_173' title='bbox 1237 3022 1406 3107; x_wconf 86' lang='lat' dir='ltr'><strong>quisquam</strong></span> 
     </span>
     <span class='ocr_line' id='line_1_24' title="bbox 453 3119 1408 3208; baseline 0 -24"><span class='ocrx_word' id='word_1_174' title='bbox 453 3121 633 3208; x_wconf 88' lang='lat' dir='ltr'><strong>principum</strong></span> <span class='ocrx_word' id='word_1_175' title='bbox 660 3141 769 3182; x_wconf 85' lang='lat' dir='ltr'><strong>eorum</strong></span> <span class='ocrx_word' id='word_1_176' title='bbox 793 3119 834 3183; x_wconf 86' lang='lat' dir='ltr'><strong>ad</strong></span> <span class='ocrx_word' id='word_1_177' title='bbox 858 3120 981 3184; x_wconf 85' lang='lat' dir='ltr'><strong>exitum</strong></span> <span class='ocrx_word' id='word_1_178' title='bbox 1009 3121 1095 3199; x_wconf 86' lang='lat' dir='ltr'><strong>vitoe,</strong></span> <span class='ocrx_word' id='word_1_179' title='bbox 1117 3132 1233 3185; x_wconf 86' lang='lat' dir='ltr'><strong>natura</strong></span> <span class='ocrx_word' id='word_1_180' title='bbox 1258 3123 1408 3200; x_wconf 88' lang='lat' dir='ltr'><strong>ducente,</strong></span> 
     </span>
     <span class='ocr_line' id='line_1_25' title="bbox 454 3218 1410 3308; baseline 0.001 -23"><span class='ocrx_word' id='word_1_181' title='bbox 454 3220 643 3308; x_wconf 88' lang='lat' dir='ltr'><strong>pervenerit.</strong></span> <span class='ocrx_word' id='word_1_182' title='bbox 689 3219 786 3283; x_wconf 90' lang='lat' dir='ltr'><strong>Unde</strong></span> <span class='ocrx_word' id='word_1_183' title='bbox 806 3232 837 3284; x_wconf 91' lang='lat' dir='ltr'><strong>et</strong></span> <span class='ocrx_word' id='word_1_184' title='bbox 858 3218 938 3283; x_wconf 91' lang='lat' dir='ltr'><strong>illud</strong></span> <span class='ocrx_word' id='word_1_185' title='bbox 955 3219 1150 3305; x_wconf 87' lang='lat' dir='ltr'><strong>Satyricum,</strong></span> <span class='ocrx_word' id='word_1_186' title='bbox 1166 3218 1230 3282; x_wconf 90' lang='lat' dir='ltr'><strong>illis</strong></span> <span class='ocrx_word' id='word_1_187' title='bbox 1245 3221 1410 3304; x_wconf 87' lang='lat' dir='ltr'><strong>aptissime</strong></span> 
     </span>
    </p>
   </div>
   <div class='ocr_carea' id='block_1_4' title="bbox 452 3324 1108 3390">
    <p class='ocr_par' dir='ltr' id='par_1_4' title="bbox 452 3324 1108 3390">
     <span class='ocr_line' id='line_1_26' title="bbox 452 3324 1108 3390; baseline 0 -2"><span class='ocrx_word' id='word_1_188' title='bbox 452 3324 546 3390; x_wconf 83' lang='lat' dir='ltr'><strong>facit:</strong></span> <span class='ocrx_word' id='word_1_189' title='bbox 1103 3349 1108 3358; x_wconf 74' lang='lat'><strong><em>¹</em></strong></span> 
     </span>
    </p>
   </div>
   <div class='ocr_carea' id='block_1_5' title="bbox 557 3429 1288 3584">
    <p class='ocr_par' dir='ltr' id='par_1_5' title="bbox 557 3429 1288 3584">
     <span class='ocr_line' id='line_1_27' title="bbox 557 3429 1288 3501; baseline -0.005 -15"><span class='ocrx_word' id='word_1_190' title='bbox 557 3433 602 3486; x_wconf 87' lang='lat' dir='ltr'><strong>Ad</strong></span> <span class='ocrx_word' id='word_1_191' title='bbox 613 3449 738 3501; x_wconf 78' lang='lat' dir='ltr'><strong>generum</strong></span> <span class='ocrx_word' id='word_1_192' title='bbox 750 3431 864 3493; x_wconf 83' lang='lat' dir='ltr'><strong>Cereris,</strong></span> <span class='ocrx_word' id='word_1_193' title='bbox 876 3432 933 3484; x_wconf 89' lang='lat' dir='ltr'><strong>sine</strong></span> <span class='ocrx_word' id='word_1_194' title='bbox 944 3431 1015 3484; x_wconf 77' lang='lat' dir='ltr'><strong>crede</strong></span> <span class='ocrx_word' id='word_1_195' title='bbox 1027 3436 1054 3484; x_wconf 88' lang='lat' dir='ltr'><strong>et</strong></span> <span class='ocrx_word' id='word_1_196' title='bbox 1065 3429 1201 3496; x_wconf 75' lang='lat' dir='ltr'><strong>sanguine,</strong></span> <span class='ocrx_word' id='word_1_197' title='bbox 1212 3429 1288 3500; x_wconf 80' lang='lat' dir='ltr'><strong>pauci</strong></span> 
     </span>
     <span class='ocr_line' id='line_1_28' title="bbox 557 3514 1162 3584; baseline -0.005 -15"><span class='ocrx_word' id='word_1_198' title='bbox 557 3516 726 3569; x_wconf 86' lang='lat' dir='ltr'><strong>Descendunt</strong></span> <span class='ocrx_word' id='word_1_199' title='bbox 737 3531 822 3582; x_wconf 80' lang='lat' dir='ltr'><strong>reges,</strong></span> <span class='ocrx_word' id='word_1_200' title='bbox 836 3520 864 3567; x_wconf 85' lang='lat' dir='ltr'><strong>et</strong></span> <span class='ocrx_word' id='word_1_201' title='bbox 875 3515 943 3566; x_wconf 88' lang='lat' dir='ltr'><strong>sicca</strong></span> <span class='ocrx_word' id='word_1_202' title='bbox 953 3521 1038 3568; x_wconf 89' lang='lat' dir='ltr'><strong>morte</strong></span> <span class='ocrx_word' id='word_1_203' title='bbox 1049 3514 1162 3584; x_wconf 81' lang='lat' dir='ltr'><strong>tyranni.</strong></span> 
     </span>
    </p>
   </div>
   <div class='ocr_carea' id='block_1_6' title="bbox 452 3608 1409 3798">
    <p class='ocr_par' dir='ltr' id='par_1_6' title="bbox 452 3608 1409 3798">
     <span class='ocr_line' id='line_1_29' title="bbox 452 3608 1407 3697; baseline 0.004 -23"><span class='ocrx_word' id='word_1_204' title='bbox 452 3615 490 3676; x_wconf 93' lang='lat' dir='ltr'><strong>In</strong></span> <span class='ocrx_word' id='word_1_205' title='bbox 514 3608 679 3695; x_wconf 87' lang='lat' dir='ltr'><strong>scripturis</strong></span> <span class='ocrx_word' id='word_1_206' title='bbox 701 3629 832 3694; x_wconf 91' lang='lat' dir='ltr'><strong>quoque</strong></span> <span class='ocrx_word' id='word_1_207' title='bbox 854 3608 1012 3673; x_wconf 87' lang='lat' dir='ltr'><strong>canonicis</strong></span> <span class='ocrx_word' id='word_1_208' title='bbox 1034 3608 1244 3675; x_wconf 86' lang='lat' dir='ltr'><strong>inveniuntur</strong></span> <span class='ocrx_word' id='word_1_209' title='bbox 1268 3611 1407 3697; x_wconf 84' lang='lat' dir='ltr'><strong>plurima</strong></span> 
     </span>
     <span class='ocr_line' id='line_1_30' title="bbox 452 3707 1409 3798; baseline 0.003 -24"><span class='ocrx_word' id='word_1_210' title='bbox 452 3708 600 3774; x_wconf 79' lang='lat' dir='ltr'><strong>oracula:</strong></span> <span class='ocrx_word' id='word_1_211' title='bbox 626 3719 663 3772; x_wconf 89' lang='lat' dir='ltr'><strong>ut</strong></span> <span class='ocrx_word' id='word_1_212' title='bbox 679 3729 778 3794; x_wconf 90' lang='lat' dir='ltr'><strong>quum</strong></span> <span class='ocrx_word' id='word_1_213' title='bbox 794 3707 913 3794; x_wconf 85' lang='lat' dir='ltr'><strong>Josepb</strong></span> <span class='ocrx_word' id='word_1_214' title='bbox 929 3710 960 3773; x_wconf 90' lang='lat' dir='ltr'><strong>in</strong></span> <span class='ocrx_word' id='word_1_215' title='bbox 977 3709 1095 3776; x_wconf 87' lang='lat' dir='ltr'><strong>somnis</strong></span> <span class='ocrx_word' id='word_1_216' title='bbox 1109 3709 1150 3774; x_wconf 89' lang='lat' dir='ltr'><strong>ab</strong></span> <span class='ocrx_word' id='word_1_217' title='bbox 1165 3710 1278 3797; x_wconf 86' lang='lat' dir='ltr'><strong>angelo</strong></span> <span class='ocrx_word' id='word_1_218' title='bbox 1293 3712 1409 3798; x_wconf 85' lang='lat' dir='ltr'><strong>saepius</strong></span> 
     </span>
    </p>
   </div>
   <div class='ocr_carea' id='block_1_7' title="bbox 355 3809 1404 3894">
    <p class='ocr_par' dir='ltr' id='par_1_7' title="bbox 355 3809 1404 3894">
     <span class='ocr_line' id='line_1_31' title="bbox 355 3809 1404 3894; baseline 0 -18"><span class='ocrx_word' id='word_1_219' title='bbox 355 3883 359 3892; x_wconf 56' lang='grc'>,</span> <span class='ocrx_word' id='word_1_220' title='bbox 450 3809 613 3876; x_wconf 87' lang='lat' dir='ltr'><strong>eruditur:</strong></span> <span class='ocrx_word' id='word_1_221' title='bbox 638 3809 745 3894; x_wconf 82' lang='lat' dir='ltr'><strong>Magis</strong></span> <span class='ocrx_word' id='word_1_222' title='bbox 756 3809 1019 3889; x_wconf 87' lang='lat' dir='ltr'><strong>interdicitur,ne</strong></span> <span class='ocrx_word' id='word_1_223' title='bbox 1030 3809 1212 3876; x_wconf 86' lang='lat' dir='ltr'><strong>redeantad</strong></span> <span class='ocrx_word' id='word_1_224' title='bbox 1226 3811 1404 3876; x_wconf 86' lang='lat' dir='ltr'><strong>Herodem:</strong></span> 
     </span>
    </p>
   </div>
   <div class='ocr_carea' id='block_1_8' title="bbox 445 3910 1406 4409">
    <p class='ocr_par' dir='ltr' id='par_1_8' title="bbox 445 3910 1406 4409">
     <span class='ocr_line' id='line_1_32' title="bbox 449 3910 1403 3999; baseline 0 -21"><span class='ocrx_word' id='word_1_225' title='bbox 449 3914 582 3978; x_wconf 87' lang='lat' dir='ltr'><strong>docetur</strong></span> <span class='ocrx_word' id='word_1_226' title='bbox 597 3913 713 3976; x_wconf 87' lang='lat' dir='ltr'><strong>Petrus</strong></span> <span class='ocrx_word' id='word_1_227' title='bbox 733 3911 765 3975; x_wconf 93' lang='lat' dir='ltr'><strong>in</strong></span> <span class='ocrx_word' id='word_1_228' title='bbox 789 3910 950 3998; x_wconf 90' lang='lat' dir='ltr'><strong>reptilium</strong></span> <span class='ocrx_word' id='word_1_229' title='bbox 965 3911 1159 3993; x_wconf 87' lang='lat' dir='ltr'><strong>linteamine,</strong></span> <span class='ocrx_word' id='word_1_230' title='bbox 1172 3912 1403 3999; x_wconf 89' lang='lat' dir='ltr'><strong>plenitudinem</strong></span> 
     </span>
     <span class='ocr_line' id='line_1_33' title="bbox 448 4015 1406 4104; baseline 0 -22"><span class='ocrx_word' id='word_1_231' title='bbox 448 4018 592 4104; x_wconf 89' lang='lat' dir='ltr'><strong>gentium</strong></span> <span class='ocrx_word' id='word_1_232' title='bbox 605 4015 825 4101; x_wconf 86' lang='lat' dir='ltr'><strong>colligendam.</strong></span> <span class='ocrx_word' id='word_1_233' title='bbox 864 4019 909 4082; x_wconf 91' lang='lat' dir='ltr'><strong>Et</strong></span> <span class='ocrx_word' id='word_1_234' title='bbox 925 4039 1024 4104; x_wconf 89' lang='lat' dir='ltr'><strong>quum</strong></span> <span class='ocrx_word' id='word_1_235' title='bbox 1041 4016 1169 4082; x_wconf 87' lang='lat' dir='ltr'><strong>visitato</strong></span> <span class='ocrx_word' id='word_1_236' title='bbox 1184 4017 1225 4081; x_wconf 85' lang='lat' dir='ltr'><strong>ab</strong></span> <span class='ocrx_word' id='word_1_237' title='bbox 1240 4018 1406 4102; x_wconf 88' lang='lat' dir='ltr'><strong>Apostolis</strong></span> 
     </span>
     <span class='ocr_line' id='line_1_34' title="bbox 448 4117 1404 4208; baseline -0.002 -22"><span class='ocrx_word' id='word_1_238' title='bbox 448 4117 669 4195; x_wconf 88' lang='lat' dir='ltr'><strong>Constantino,</strong></span> <span class='ocrx_word' id='word_1_239' title='bbox 685 4121 787 4182; x_wconf 87' lang='lat' dir='ltr'><strong>crucis</strong></span> <span class='ocrx_word' id='word_1_240' title='bbox 808 4130 948 4182; x_wconf 89' lang='lat' dir='ltr'><strong>erectum</strong></span> <span class='ocrx_word' id='word_1_241' title='bbox 970 4118 1070 4182; x_wconf 90' lang='lat' dir='ltr'><strong>estin</strong></span> <span class='ocrx_word' id='word_1_242' title='bbox 1091 4120 1216 4204; x_wconf 90' lang='lat' dir='ltr'><strong>imperii</strong></span> <span class='ocrx_word' id='word_1_243' title='bbox 1237 4142 1309 4208; x_wconf 85' lang='lat' dir='ltr'><strong>arce</strong></span> <span class='ocrx_word' id='word_1_244' title='bbox 1327 4143 1404 4184; x_wconf 86' lang='lat' dir='ltr'><strong>vex-</strong></span> 
     </span>
     <span class='ocr_line' id='line_1_35' title="bbox 445 4217 1402 4308; baseline -0.002 -21"><span class='ocrx_word' id='word_1_245' title='bbox 445 4223 547 4303; x_wconf 91' lang='lat' dir='ltr'><strong>illum,</strong></span> <span class='ocrx_word' id='word_1_246' title='bbox 558 4233 590 4285; x_wconf 89' lang='lat' dir='ltr'><strong>et</strong></span> <span class='ocrx_word' id='word_1_247' title='bbox 601 4242 678 4306; x_wconf 87' lang='lat' dir='ltr'><strong>paee</strong></span> <span class='ocrx_word' id='word_1_248' title='bbox 690 4217 828 4285; x_wconf 87' lang='lat' dir='ltr'><strong>ecclesiis</strong></span> <span class='ocrx_word' id='word_1_249' title='bbox 839 4219 998 4296; x_wconf 90' lang='lat' dir='ltr'><strong>restituta,</strong></span> <span class='ocrx_word' id='word_1_250' title='bbox 1012 4221 1161 4306; x_wconf 87' lang='lat' dir='ltr'><strong>majestas</strong></span> <span class='ocrx_word' id='word_1_251' title='bbox 1172 4221 1259 4286; x_wconf 91' lang='lat' dir='ltr'><strong>orbis</strong></span> <span class='ocrx_word' id='word_1_252' title='bbox 1271 4219 1402 4308; x_wconf 88' lang='lat' dir='ltr'><strong>publica</strong></span> 
     </span>
     <span class='ocr_line' id='line_1_36' title="bbox 447 4321 1398 4409; baseline -0.002 -19"><span class='ocrx_word' id='word_1_253' title='bbox 447 4349 520 4391; x_wconf 86' lang='lat' dir='ltr'><strong>voce</strong></span> <span class='ocrx_word' id='word_1_254' title='bbox 539 4323 783 4404; x_wconf 84' lang='lat' dir='ltr'><strong>scriniariorum,</strong></span> <span class='ocrx_word' id='word_1_255' title='bbox 798 4321 1026 4388; x_wconf 87' lang='lat' dir='ltr'><strong>advocatorum</strong></span> <span class='ocrx_word' id='word_1_256' title='bbox 1047 4337 1078 4388; x_wconf 89' lang='lat' dir='ltr'><strong>et</strong></span> <span class='ocrx_word' id='word_1_257' title='bbox 1097 4323 1257 4409; x_wconf 89' lang='lat' dir='ltr'><strong>judicum,</strong></span> <span class='ocrx_word' id='word_1_258' title='bbox 1272 4347 1398 4390; x_wconf 88' lang='lat' dir='ltr'><strong>omnem</strong></span> 
     </span>
    </p>
   </div>
   <div class='ocr_carea' id='block_1_9' title="bbox 0 0 1718 5367">
    <p class='ocr_par' dir='ltr' id='par_1_9' title="bbox 0 0 1718 5367">
     <span class='ocr_line' id='line_1_37' title="bbox 0 0 1718 5367; baseline 0 1"><span class='ocrx_word' id='word_1_259' title='bbox 0 0 1718 5367; x_wconf 95' lang='lat' dir='ltr'><strong> </strong></span> 
     </span>
    </p>
   </div>
  </div>
 </body>
</html>
