3425 5367
455 702 496 763 to
703 714 839 760 sonuurs
854 711 1134 758 ssussnsnrsusrs
1269 692 1354 772 [ma.
1369 713 1408 757 11.

455 868 545 932 llevit
561 888 749 954 supeream,
764 878 796 929 et
812 864 946 928 velutin
961 863 1093 926 auribus
1107 862 1179 947 ejus
1191 861 1407 947 proloquutus

453 982 500 1033 est
513 968 581 1032 haec
592 969 708 1033 verba:
732 968 764 1031 Si
776 966 985 1054 cognovisses,
995 964 1111 1050 inquit,
1120 978 1153 1028 et
1168 977 1216 1039 tu,
1229 976 1260 1028 et
1275 964 1407 1050 quidem

452 1070 484 1133 in
515 1070 574 1133 hsc
603 1069 655 1133 die
680 1093 753 1156 quaa
783 1070 824 1132 sd
850 1090 960 1153 pacem
987 1065 1045 1130 tibi
1076 1078 1161 1138 sunt,
1188 1089 1273 1130 nunc
1298 1081 1405 1132 autem

451 1170 636 1235 abscondita
652 1171 781 1235 suntab
796 1169 897 1233 oculis
912 1169 985 1243 tuis,
997 1167 1074 1253 quia
1091 1168 1214 1233 venient
1229 1168 1297 1231 dies
1312 1169 1344 1231 in
1360 1181 1404 1245 te,

451 1283 483 1337 et
498 1272 742 1338 circumdabunt
759 1285 790 1338 te
805 1270 923 1335 inimici
939 1273 989 1334 tui
1004 1268 1099 1345 vallo,
1111 1282 1144 1333 et
1158 1270 1403 1335 circumdabunt

452 1388 495 1450 te,
518 1387 550 1437 et
572 1373 828 1459 coangustabunt
854 1385 886 1436 te
909 1370 1061 1457 undique,
1087 1370 1182 1435 etad
1205 1371 1306 1435 solum
1329 1394 1403 1459 pro·

451 1485 592 1537 sternent
608 1486 649 1553 te,
659 1489 691 1538 et
702 1474 784 1537 filios
795 1486 870 1537 tuos
880 1475 911 1537 in
925 1485 966 1538 te.
1014 1474 1053 1535 In
1065 1472 1150 1537 hunc
1164 1472 1293 1537 modum
1305 1496 1401 1559 quarn

450 1577 588 1663 plurima
602 1576 720 1641 divinae
740 1574 990 1641 comminationis
1004 1576 1146 1640 tonitrua
1169 1576 1294 1661 publice
1309 1575 1401 1641 indu-

450 1679 527 1743 ratis
542 1678 671 1743 nuribus
688 1678 890 1753 resonabant,
906 1700 1069 1763 quousque
1089 1678 1219 1763 sanguis
1228 1678 1401 1764 justorum,

450 1780 552 1845 sedet
574 1780 674 1866 ipsius
692 1780 775 1866 justi
797 1778 965 1863 singularis
979 1792 1012 1843 et
1034 1778 1130 1855 unici,
1153 1782 1211 1865 qui
1232 1780 1273 1843 ab
1294 1778 1400 1865 impiis

449 1882 557 1967 inique
586 1881 704 1947 effusus
740 1894 797 1955 est,
829 1882 920 1966 justo
949 1881 1010 1945 Dei
1040 1881 1165 1966 judicio
1192 1894 1398 1967 quaereretur.

449 1982 562 2047 Attriti
575 1996 648 2047 sunt
663 2007 739 2068 ergo
756 1981 871 2070 plagis,
886 1982 979 2048 bellis
995 1987 1097 2059 strati,
1112 1996 1145 2049 et
1160 2008 1179 2048 a
1193 1984 1303 2070 patriis
1318 1984 1400 2047 sedi-

446 2083 506 2147 bus
532 2082 648 2147 divinae
670 2082 897 2169 indignationis
922 2083 1017 2148 excisi
1043 2084 1182 2165 turbine,
1203 2096 1240 2148 ut
1263 2086 1296 2148 in
1319 2085 1398 2149 urbe

446 2183 683 2269 gloriosissima,
713 2208 771 2250 nec
801 2184 882 2271 lapis
911 2208 1006 2271 super
1034 2185 1171 2272 lapidem
1203 2199 1395 2251 remaneret:

445 2285 568 2371 fuitque
597 2286 706 2373 populi
736 2286 888 2362 indurati,
918 2300 950 2351 et
980 2288 1093 2373 quovis
1127 2287 1232 2373 lapide
1262 2285 1397 2353 durioris

447 2387 613 2453 tribulatio
636 2401 735 2467 tanta,
752 2402 871 2475 quanta
891 2412 952 2452 non
975 2389 1040 2454 tuit
1054 2412 1095 2453 ex
1118 2412 1184 2475 quo
1198 2402 1308 2475 gentes
1329 2413 1395 2454 esse

443 2503 621 2576 coeperunt,
637 2491 793 2574 usquead
810 2489 893 2553 diem
909 2490 1002 2555 hanc.

445 2794 524 2880 Cap.
541 2799 570 2858 8.
594 2797 646 2858 De
657 2792 1085 2876 peregrinationefldelium‚
1100 2816 1179 2877 quos
1191 2796 1251 2859 sub
1265 2817 1302 2861 co
1318 2803 1393 2860 tem—

570 2902 692 2978 pestate
705 2897 845 2959 servavit
861 2895 1014 2959 Christus
1027 2899 1116 2979 apud
1129 2901 1265 2965 Pellam

485 3056 653 3117 Eccnnsm
664 3075 738 3115 vero
748 3076 821 3137 quae
834 3052 938 3115 fuerat
948 3054 1180 3140 Hierosolymis
1191 3072 1392 3145 congregata,

442 3153 596 3217 divinitus
612 3152 743 3217 transire
761 3155 852 3239 jussa
867 3167 913 3217 est
930 3166 1017 3218 trans
1036 3156 1221 3236 Jordanem,
1236 3162 1276 3222 ad
1300 3166 1391 3248 oppi-

441 3254 519 3319 dum
544 3253 705 3340 quoddam
728 3256 854 3317 nomine
877 3254 1009 3328 Pellam,
1033 3278 1097 3341 quo
1119 3256 1232 3321 ablotis
1253 3282 1293 3323 ex
1313 3266 1392 3328 urbe

440 3356 618 3421 cultoribus
633 3353 706 3435 Dei,
721 3355 855 3420 coelestis
875 3356 1026 3421 vindictae
1047 3357 1135 3421 fieret
1150 3358 1251 3437 locus,
1268 3385 1342 3447 quae
1357 3366 1390 3429 in

440 3460 551 3524 urbem
566 3473 758 3546 gentemque
770 3458 951 3542 sacrilegam
966 3459 1071 3521 fuerat
1086 3462 1270 3525 exercenda.
1295 3468 1387 3539 Quod

439 3571 471 3621 et
500 3558 664 3622 Eusebius
698 3558 899 3621 Caesariensis
933 3558 965 3621 in
1001 3558 1222 3625 Ecclesiastica
1257 3564 1388 3631 historia

438 3656 562 3742 plenius
576 3658 716 3743 exponit.

437 3977 517 4061 Cap.
532 3981 560 4040 9.
584 3978 811 4039 Testimonium
827 3980 913 4061 quod
922 3982 1065 4062 perhibet
1078 3984 1238 4067 Joseptus
1251 3987 1386 4055 Christo.

1225 4089 1245 4123 O

479 4113 532 4175 ET
552 4110 680 4195 quidem
704 4110 772 4177 haec
794 4113 900 4177 omnia
921 4115 1092 4180 rectissime
1113 4120 1197 4203 passi
1220 4135 1306 4199 sunt,
1326 4124 1384 4208 qui

435 4212 468 4275 in
489 4210 588 4275 filium
613 4211 674 4275 Dei
696 4235 807 4278 manus
827 4216 994 4301 sacrilegas
1016 4219 1186 4284 extendere
1205 4244 1383 4310 praesump-

437 4326 555 4395 serunt,
564 4336 663 4398 quum
675 4315 860 4380 testimoniis
870 4317 1110 4403 scripturarum,
1121 4337 1152 4388 et
1163 4327 1281 4391 virtute
1291 4325 1384 4389 mira-
