3425 5367
456 711 516 772 lat
708 722 845 767 roarms
859 719 1136 766 saansaanransrs
1270 700 1354 779 [tra.
1372 721 1412 766 11.

456 871 655 947 somniantes,
671 871 754 936 inter
768 872 908 958 aliquam
924 885 956 936 et
978 869 1096 934 nullam
1113 867 1324 934 substantiam
1341 891 1417 934 con·

455 975 570 1040 stituti.
618 973 744 1044 Animae
763 975 901 1060 quaesita
922 971 1056 1057 origine,
1072 971 1235 1036 traducem
1258 970 1352 1035 nobis
1367 969 1416 1034 in-

456 1073 603 1138 tellectus
631 1074 775 1160 opponit.
821 1075 988 1138 Postremo
1023 1072 1057 1136 in
1092 1071 1202 1136 diviua
1236 1071 1417 1136 substantia

455 1175 631 1242 trinitatem
655 1178 793 1264 recipcre
806 1197 1027 1262 personarum,
1043 1174 1102 1238 nisi
1123 1175 1158 1238 in
1178 1173 1254 1238 fidei
1279 1173 1410 1253 virtute,

457 1276 618 1362 quomodo
634 1276 723 1340 Arrii
744 1276 876 1362 laqueos
889 1273 1087 1340 declinabis?
1114 1275 1302 1340 Divinitatis
1318 1297 1415 1338 uuam

457 1376 631 1463 simplicem
655 1390 687 1441 et
709 1377 909 1442 individuam
932 1375 1065 1441 admitte
1088 1376 1313 1453 substantiam,
1336 1399 1416 1461 quo·

457 1475 553 1540 modo
571 1476 711 1556 Sabellii,
721 1477 780 1540 nisi
796 1476 871 1540 fidei
884 1475 1015 1551 ratione,
1027 1498 1141 1540 manus
1152 1475 1310 1560 effugies?
1334 1478 1415 1539 Haec

457 1589 562 1646 tamen
578 1599 640 1640 non
653 1577 757 1643 minus
771 1599 846 1647 vcra
861 1588 947 1646 sunt,
960 1576 1037 1662 quia
1051 1576 1162 1640 multis
1176 1589 1311 1662 possunt
1326 1601 1414 1662 quta·

458 1678 615 1744 stionibus
628 1677 820 1764 impugnari.
864 1680 909 1741 Et
926 1677 999 1743 licet
1015 1678 1171 1763 sapientia
1186 1680 1250 1742 Dei
1265 1701 1299 1742 ae
1313 1678 1415 1743 incar-

458 1780 596 1845 nationis
617 1783 768 1866 mysterio
789 1781 882 1844 nobis
902 1779 1057 1844 risibilem
1079 1781 1204 1858 feccrit,
1223 1804 1287 1846 non
1310 1793 1413 1846 tamen

459 1904 599 1968 eousque
614 1905 646 1945 se
656 1881 829 1946 intellectui
840 1894 949 1946 nostro
960 1881 1036 1946 fecit
1051 1881 1256 1968 palpabilem,
1266 1896 1303 1947 ut
1316 1905 1415 1968 quum

459 2004 496 2045 ea
516 1983 674 2067 possimus
695 2001 927 2066 usquequaque
949 1979 1136 2058 discurrere,
1154 1981 1289 2045 scientes
1310 2004 1416 2046 rerum

459 2083 599 2146 omnium
623 2091 743 2167 quauta
758 2082 799 2147 sit
821 2081 1004 2166 longitudo,
1017 2081 1167 2161 latitudo,
1183 2082 1364 2148 sublimitas
1384 2097 1417 2148 et

459 2182 667 2269 profundum.
699 2184 732 2247 Si
745 2206 821 2247 rero
831 2184 1128 2248 matbematicorum
1141 2185 1193 2248 ria
1207 2204 1290 2249 esset
1301 2207 1418 2272 usque·

460 2305 590 2379 quaque
601 2284 780 2364 laudabilis,
790 2307 853 2348 non
870 2299 1037 2370 tantopere
1051 2286 1252 2371 poenituisset
1263 2309 1416 2370 magnum

461 2385 678 2471 Augustinum
692 2408 724 2450 se
735 2409 844 2450 eorum
857 2385 1143 2450 consultationibus
1154 2385 1330 2451 inclinasse.
1360 2387 1418 2452 Ad

462 2488 531 2552 baec
557 2490 668 2553 doctor
697 2487 913 2552 sanctissimus
937 2487 992 2551 ille
1019 2486 1194 2571 Gregorius
1223 2487 1280 2573 qui
1303 2487 1419 2552 melleo

463 2590 699 2678 praedicationis
713 2591 814 2658 imbre
834 2601 936 2654 totam
952 2589 1069 2674 rigavit
1089 2601 1120 2652 et
1136 2588 1305 2655 inebriavit
1321 2589 1419 2654 eccle·

463 2696 554 2768 siam,
569 2715 630 2756 uon
647 2691 744 2756 modo
759 2690 912 2756 mathesin
927 2690 1025 2780 jussit
1040 2690 1082 2754 ab
1096 2689 1170 2754 aula
1190 2690 1346 2766 recedere,
1363 2690 1418 2754 sed

464 2808 500 2866 ut
520 2794 660 2860 traditur
677 2817 696 2858 a
711 2793 897 2880 majoribus,
919 2791 1065 2858 incendio
1086 2790 1175 2856 dedit
1194 2791 1338 2878 probatae
1358 2791 1419 2854 lec·

463 2895 558 2971 tionis

568 3029 677 3098 Scripta,
691 3025 827 3086 Palatinus
838 3043 998 3096 quascunque
1009 3028 1117 3081 tenebat
1128 3027 1233 3098 Apollo.

466 3188 505 3261 In
527 3185 646 3271 quibus
667 3198 756 3249 erant
779 3185 952 3271 praecipua,
975 3208 1049 3279 quae
1070 3184 1245 3251 coelestium
1268 3200 1419 3253 mentem,

464 3299 496 3356 ct
512 3287 710 3372 superiorum
726 3287 853 3354 oracula
869 3286 1062 3352 ridebantur
1073 3284 1254 3349 bominibus
1268 3289 1420 3352 revelare.

465 3390 551 3469 Quid
572 3389 697 3456 multal
727 3391 841 3454 Nonne
863 3390 941 3455 satis
962 3402 1008 3453 est
1031 3387 1120 3472 quod
1142 3387 1223 3450 banc
1245 3387 1419 3454 vanitatem

464 3490 619 3558 catholica
633 3503 666 3554 et
683 3489 868 3554 universalis
878 3487 1021 3550 Ecclesia
1035 3487 1224 3562 detestatur,
1234 3498 1266 3550 et
1282 3509 1347 3564 eos,
1362 3492 1420 3572 qui

463 3613 533 3655 eom
550 3590 684 3652 ulterius
699 3611 844 3654 exercere
866 3585 1136 3673 praesumpserint,
1152 3585 1303 3670 legitimis
1316 3586 1420 3673 poenis

464 3689 623 3758 mulctat?
655 3689 717 3753 Sed
743 3711 782 3751 ne
806 3687 1053 3772 planetariorum
1080 3711 1144 3752 non
1168 3701 1232 3753 tam
1259 3690 1419 3778 persequi,

466 3812 562 3878 quam
575 3789 667 3876 sequi
678 3789 843 3855 videamur
854 3811 1003 3871 errorem,
1013 3791 1081 3877 jam
1097 3789 1138 3852 ad
1149 3789 1274 3876 reliqua
1288 3812 1419 3876 progre-

465 3893 575 3960 diatur
595 3891 707 3956 oratio.
752 3895 817 3966 Qui
831 3892 916 3956 enim
936 3893 1013 3959 huic
1035 3892 1212 3958 curiositati
1233 3892 1421 3974 inserviunt,

466 4016 528 4057 non
555 3995 657 4076 magis
681 4013 808 4066 ¹veraces
836 4015 905 4056 esse
931 4007 1078 4079 possunt,
1103 4013 1200 4077 quam
1227 3991 1362 4056 humiles
1386 4004 1419 4057 et

466 4092 574 4171 sobrii,
599 4091 655 4176 qui
683 4095 801 4178 primos
825 4091 990 4157 recubitus
1012 4092 1046 4156 in
1072 4092 1171 4157 coenis
1195 4103 1366 4177 appetunt,
1386 4105 1419 4157 et

466 4193 638 4280 epulantur
667 4190 812 4278 quotidie
841 4192 1017 4278 splendide.
1071 4195 1236 4258 Postremo
1265 4191 1420 4279 plurimos

467 4313 577 4368 eorum
606 4289 726 4366 audiri,
758 4290 832 4364 novi
863 4290 995 4368 multos,
1022 4289 1077 4354 sed
1111 4289 1266 4364 neminem
1297 4290 1328 4354 in
1358 4290 1419 4356 hoc
