<?xml version="1.0" encoding="UTF-8"?>
<!DOCTYPE html PUBLIC "-//W3C//DTD XHTML 1.0 Transitional//EN"
    "http://www.w3.org/TR/xhtml1/DTD/xhtml1-transitional.dtd">
<html xmlns="http://www.w3.org/1999/xhtml" xml:lang="en" lang="en">
 <head>
  <title>
</title>
<meta http-equiv="Content-Type" content="text/html;charset=utf-8" />
  <meta name='ocr-system' content='tesseract 3.04.00' />
  <meta name='ocr-capabilities' content='ocr_page ocr_carea ocr_par ocr_line ocrx_word'/>
</head>
<body>
  <div class='ocr_page' id='page_1' title='image "./operaomnianuncp04johngoog_0104.png"; bbox 0 0 3425 5367; ppageno 0'>
   <div class='ocr_carea' id='block_1_1' title="bbox 305 731 1256 810">
    <p class='ocr_par' dir='ltr' id='par_1_1' title="bbox 305 731 1256 810">
     <span class='ocr_line' id='line_1_1' title="bbox 305 731 1256 810; baseline 0 -18"><span class='ocrx_word' id='word_1_1' title='bbox 305 749 373 792; x_wconf 79' lang='lat' dir='ltr'>osa.</span> <span class='ocrx_word' id='word_1_2' title='bbox 388 731 486 810; x_wconf 86' lang='lat' dir='ltr'>xv11.]</span> <span class='ocrx_word' id='word_1_3' title='bbox 654 747 908 794; x_wconf 79' lang='lat' dir='ltr'>Poarcnsrrcus.</span> <span class='ocrx_word' id='word_1_4' title='bbox 1214 735 1256 792; x_wconf 82' lang='grc'>93</span> 
     </span>
    </p>
   </div>
   <div class='ocr_carea' id='block_1_2' title="bbox 302 897 1258 2811">
    <p class='ocr_par' dir='ltr' id='par_1_2' title="bbox 302 897 1258 2811">
     <span class='ocr_line' id='line_1_2' title="bbox 302 897 1255 985; baseline -0.002 -23"><span class='ocrx_word' id='word_1_5' title='bbox 302 898 379 962; x_wconf 86' lang='lat' dir='ltr'>facti</span> <span class='ocrx_word' id='word_1_6' title='bbox 404 897 540 984; x_wconf 86' lang='lat' dir='ltr'>explicet</span> <span class='ocrx_word' id='word_1_7' title='bbox 562 903 729 978; x_wconf 87' lang='lat' dir='ltr'>rationem,</span> <span class='ocrx_word' id='word_1_8' title='bbox 753 900 811 963; x_wconf 88' lang='lat' dir='ltr'>nisi</span> <span class='ocrx_word' id='word_1_9' title='bbox 838 899 926 985; x_wconf 93' lang='lat' dir='ltr'>quod</span> <span class='ocrx_word' id='word_1_10' title='bbox 952 899 1029 963; x_wconf 91' lang='lat' dir='ltr'>boui</span> <span class='ocrx_word' id='word_1_11' title='bbox 1050 897 1182 983; x_wconf 89' lang='lat' dir='ltr'>spiritus</span> <span class='ocrx_word' id='word_1_12' title='bbox 1204 899 1255 960; x_wconf 86' lang='lat' dir='ltr'>vel</span> 
     </span>
     <span class='ocr_line' id='line_1_3' title="bbox 304 999 1255 1084; baseline 0 -22"><span class='ocrx_word' id='word_1_13' title='bbox 304 999 432 1084; x_wconf 87' lang='lat' dir='ltr'>maligni</span> <span class='ocrx_word' id='word_1_14' title='bbox 455 999 657 1083; x_wconf 81' lang='lat' dir='ltr'>exigentibus</span> <span class='ocrx_word' id='word_1_15' title='bbox 680 1000 844 1064; x_wconf 91' lang='lat' dir='ltr'>hominum</span> <span class='ocrx_word' id='word_1_16' title='bbox 868 1001 1002 1076; x_wconf 90' lang='lat' dir='ltr'>meritis,</span> <span class='ocrx_word' id='word_1_17' title='bbox 1017 1021 1071 1062; x_wconf 90' lang='lat' dir='ltr'>eos</span> <span class='ocrx_word' id='word_1_18' title='bbox 1092 999 1255 1073; x_wconf 89' lang='lat' dir='ltr'>erudiunt,</span> 
     </span>
     <span class='ocr_line' id='line_1_4' title="bbox 304 1099 1257 1188; baseline -0.003 -24"><span class='ocrx_word' id='word_1_19' title='bbox 304 1101 353 1165; x_wconf 90' lang='lat' dir='ltr'>vel</span> <span class='ocrx_word' id='word_1_20' title='bbox 363 1100 525 1166; x_wconf 86' lang='lat' dir='ltr'>illudunt?</span> <span class='ocrx_word' id='word_1_21' title='bbox 551 1101 651 1168; x_wconf 89' lang='lat' dir='ltr'>Novit</span> <span class='ocrx_word' id='word_1_22' title='bbox 662 1101 757 1181; x_wconf 91' lang='lat' dir='ltr'>enim,</span> <span class='ocrx_word' id='word_1_23' title='bbox 767 1104 966 1188; x_wconf 88' lang='lat' dir='ltr'>Hieronymo</span> <span class='ocrx_word' id='word_1_24' title='bbox 975 1099 1257 1178; x_wconf 79' lang='lat' dir='ltr'>relerente,catho-</span> 
     </span>
     <span class='ocr_line' id='line_1_5' title="bbox 304 1201 1256 1290; baseline -0.001 -24"><span class='ocrx_word' id='word_1_25' title='bbox 304 1203 362 1267; x_wconf 93' lang='lat' dir='ltr'>lica</span> <span class='ocrx_word' id='word_1_26' title='bbox 377 1215 476 1267; x_wconf 89' lang='lat' dir='ltr'>mater</span> <span class='ocrx_word' id='word_1_27' title='bbox 491 1203 633 1280; x_wconf 90' lang='lat' dir='ltr'>ecclesia,</span> <span class='ocrx_word' id='word_1_28' title='bbox 648 1203 810 1290; x_wconf 91' lang='lat' dir='ltr'>quomodo</span> <span class='ocrx_word' id='word_1_29' title='bbox 829 1203 870 1268; x_wconf 90' lang='lat' dir='ltr'>ad</span> <span class='ocrx_word' id='word_1_30' title='bbox 893 1202 1033 1268; x_wconf 88' lang='lat' dir='ltr'>tribunal</span> <span class='ocrx_word' id='word_1_31' title='bbox 1050 1201 1170 1288; x_wconf 91' lang='lat' dir='ltr'>judicis</span> <span class='ocrx_word' id='word_1_32' title='bbox 1193 1203 1256 1266; x_wconf 92' lang='lat' dir='ltr'>Dei</span> 
     </span>
     <span class='ocr_line' id='line_1_6' title="bbox 305 1305 1258 1392; baseline -0.002 -22"><span class='ocrx_word' id='word_1_33' title='bbox 305 1317 426 1392; x_wconf 86' lang='lat' dir='ltr'>raptus,</span> <span class='ocrx_word' id='word_1_34' title='bbox 441 1329 479 1369; x_wconf 91' lang='lat' dir='ltr'>eo</span> <span class='ocrx_word' id='word_1_35' title='bbox 494 1306 583 1392; x_wconf 93' lang='lat' dir='ltr'>quod</span> <span class='ocrx_word' id='word_1_36' title='bbox 598 1307 688 1372; x_wconf 93' lang='lat' dir='ltr'>libris</span> <span class='ocrx_word' id='word_1_37' title='bbox 703 1306 869 1390; x_wconf 79' lang='lat' dir='ltr'>gentilium</span> <span class='ocrx_word' id='word_1_38' title='bbox 884 1306 1103 1370; x_wconf 87' lang='lat' dir='ltr'>vehementius</span> <span class='ocrx_word' id='word_1_39' title='bbox 1123 1305 1258 1369; x_wconf 81' lang='lat' dir='ltr'>inhaere-</span> 
     </span>
     <span class='ocr_line' id='line_1_7' title="bbox 304 1407 1257 1492; baseline -0.001 -21"><span class='ocrx_word' id='word_1_40' title='bbox 304 1421 364 1484; x_wconf 91' lang='lat' dir='ltr'>ret,</span> <span class='ocrx_word' id='word_1_41' title='bbox 387 1407 505 1471; x_wconf 90' lang='lat' dir='ltr'>ibidem</span> <span class='ocrx_word' id='word_1_42' title='bbox 532 1421 661 1472; x_wconf 87' lang='lat' dir='ltr'>coactus</span> <span class='ocrx_word' id='word_1_43' title='bbox 682 1420 730 1472; x_wconf 91' lang='lat' dir='ltr'>est</span> <span class='ocrx_word' id='word_1_44' title='bbox 756 1407 900 1492; x_wconf 87' lang='lat' dir='ltr'>profiteri</span> <span class='ocrx_word' id='word_1_45' title='bbox 922 1431 954 1471; x_wconf 88' lang='lat' dir='ltr'>se</span> <span class='ocrx_word' id='word_1_46' title='bbox 980 1407 1065 1472; x_wconf 87' lang='lat' dir='ltr'>ultra</span> <span class='ocrx_word' id='word_1_47' title='bbox 1091 1407 1257 1490; x_wconf 73' lang='lat' dir='ltr'>gentilium</span> 
     </span>
     <span class='ocr_line' id='line_1_8' title="bbox 305 1507 1257 1579; baseline -0.003 -7"><span class='ocrx_word' id='word_1_48' title='bbox 305 1508 406 1572; x_wconf 89' lang='lat' dir='ltr'>libros</span> <span class='ocrx_word' id='word_1_49' title='bbox 420 1529 482 1570; x_wconf 90' lang='lat' dir='ltr'>non</span> <span class='ocrx_word' id='word_1_50' title='bbox 506 1507 602 1570; x_wconf 94' lang='lat' dir='ltr'>modo</span> <span class='ocrx_word' id='word_1_51' title='bbox 624 1529 686 1570; x_wconf 90' lang='lat' dir='ltr'>non</span> <span class='ocrx_word' id='word_1_52' title='bbox 709 1507 878 1579; x_wconf 87' lang='lat' dir='ltr'>lecturum,</span> <span class='ocrx_word' id='word_1_53' title='bbox 895 1507 949 1570; x_wconf 90' lang='lat' dir='ltr'>sed</span> <span class='ocrx_word' id='word_1_54' title='bbox 972 1529 1030 1570; x_wconf 89' lang='lat' dir='ltr'>nec</span> <span class='ocrx_word' id='word_1_55' title='bbox 1051 1508 1146 1570; x_wconf 92' lang='lat' dir='ltr'>etiam</span> <span class='ocrx_word' id='word_1_56' title='bbox 1168 1507 1257 1570; x_wconf 90' lang='lat' dir='ltr'>habi-</span> 
     </span>
     <span class='ocr_line' id='line_1_9' title="bbox 306 1607 1256 1694; baseline 0 -21"><span class='ocrx_word' id='word_1_57' title='bbox 306 1623 426 1674; x_wconf 88' lang='lat' dir='ltr'>turum.</span> <span class='ocrx_word' id='word_1_58' title='bbox 483 1611 569 1672; x_wconf 90' lang='lat' dir='ltr'>Ante</span> <span class='ocrx_word' id='word_1_59' title='bbox 595 1608 751 1693; x_wconf 90' lang='lat' dir='ltr'>siquidem</span> <span class='ocrx_word' id='word_1_60' title='bbox 782 1607 1006 1693; x_wconf 83' lang='lat' dir='ltr'>professionem</span> <span class='ocrx_word' id='word_1_61' title='bbox 1034 1609 1256 1694; x_wconf 87' lang='lat' dir='ltr'>interrogatus,</span> 
     </span>
     <span class='ocr_line' id='line_1_10' title="bbox 305 1708 1256 1797; baseline 0 -23"><span class='ocrx_word' id='word_1_62' title='bbox 305 1732 407 1797; x_wconf 93' lang='lat' dir='ltr'>quum</span> <span class='ocrx_word' id='word_1_63' title='bbox 424 1732 456 1774; x_wconf 84' lang='lat' dir='ltr'>sa</span> <span class='ocrx_word' id='word_1_64' title='bbox 479 1709 598 1773; x_wconf 89' lang='lat' dir='ltr'>diceret</span> <span class='ocrx_word' id='word_1_65' title='bbox 621 1708 852 1785; x_wconf 86' lang='lat' dir='ltr'>Christianum,</span> <span class='ocrx_word' id='word_1_66' title='bbox 867 1708 896 1771; x_wconf 91' lang='lat' dir='ltr'>ei</span> <span class='ocrx_word' id='word_1_67' title='bbox 926 1732 945 1772; x_wconf 90' lang='lat' dir='ltr'>a</span> <span class='ocrx_word' id='word_1_68' title='bbox 968 1708 1080 1795; x_wconf 90' lang='lat' dir='ltr'>judice</span> <span class='ocrx_word' id='word_1_69' title='bbox 1105 1711 1256 1794; x_wconf 85' lang='lat' dir='ltr'>probrose</span> 
     </span>
     <span class='ocr_line' id='line_1_11' title="bbox 305 1810 1257 1897; baseline 0 -21"><span class='ocrx_word' id='word_1_70' title='bbox 305 1811 466 1896; x_wconf 90' lang='lat' dir='ltr'>objectum</span> <span class='ocrx_word' id='word_1_71' title='bbox 482 1823 540 1887; x_wconf 90' lang='lat' dir='ltr'>est,</span> <span class='ocrx_word' id='word_1_72' title='bbox 558 1811 643 1897; x_wconf 89' lang='lat' dir='ltr'>quod</span> <span class='ocrx_word' id='word_1_73' title='bbox 667 1833 729 1874; x_wconf 92' lang='lat' dir='ltr'>non</span> <span class='ocrx_word' id='word_1_74' title='bbox 754 1834 830 1875; x_wconf 93' lang='lat' dir='ltr'>suus</span> <span class='ocrx_word' id='word_1_75' title='bbox 852 1823 932 1885; x_wconf 90' lang='lat' dir='ltr'>erat,</span> <span class='ocrx_word' id='word_1_76' title='bbox 950 1810 1006 1873; x_wconf 91' lang='lat' dir='ltr'>sed</span> <span class='ocrx_word' id='word_1_77' title='bbox 1023 1810 1257 1876; x_wconf 82' lang='lat' dir='ltr'>Ciceronianus.</span> 
     </span>
     <span class='ocr_line' id='line_1_12' title="bbox 307 1912 1258 1978; baseline 0.002 -2"><span class='ocrx_word' id='word_1_78' title='bbox 307 1913 381 1978; x_wconf 88' lang='lat' dir='ltr'>Hoc</span> <span class='ocrx_word' id='word_1_79' title='bbox 396 1925 501 1978; x_wconf 90' lang='lat' dir='ltr'>tamen</span> <span class='ocrx_word' id='word_1_80' title='bbox 516 1935 578 1977; x_wconf 89' lang='lat' dir='ltr'>non</span> <span class='ocrx_word' id='word_1_81' title='bbox 594 1913 747 1978; x_wconf 90' lang='lat' dir='ltr'>audacter</span> <span class='ocrx_word' id='word_1_82' title='bbox 768 1913 880 1977; x_wconf 90' lang='lat' dir='ltr'>somnii</span> <span class='ocrx_word' id='word_1_83' title='bbox 896 1912 1115 1976; x_wconf 89' lang='lat' dir='ltr'>affirmaverim</span> <span class='ocrx_word' id='word_1_84' title='bbox 1131 1937 1258 1978; x_wconf 90' lang='lat' dir='ltr'>censen·</span> 
     </span>
     <span class='ocr_line' id='line_1_13' title="bbox 304 2013 1258 2099; baseline 0 -21"><span class='ocrx_word' id='word_1_85' title='bbox 304 2013 382 2078; x_wconf 93' lang='lat' dir='ltr'>dum</span> <span class='ocrx_word' id='word_1_86' title='bbox 398 2013 534 2089; x_wconf 89' lang='lat' dir='ltr'>nomine,</span> <span class='ocrx_word' id='word_1_87' title='bbox 550 2035 653 2099; x_wconf 89' lang='lat' dir='ltr'>quum</span> <span class='ocrx_word' id='word_1_88' title='bbox 668 2013 752 2077; x_wconf 89' lang='lat' dir='ltr'>idem</span> <span class='ocrx_word' id='word_1_89' title='bbox 768 2014 987 2077; x_wconf 81' lang='lat' dir='ltr'>veracissimus</span> <span class='ocrx_word' id='word_1_90' title='bbox 1001 2025 1033 2078; x_wconf 90' lang='lat' dir='ltr'>et</span> <span class='ocrx_word' id='word_1_91' title='bbox 1048 2014 1258 2099; x_wconf 89' lang='lat' dir='ltr'>prudentissi-</span> 
     </span>
     <span class='ocr_line' id='line_1_14' title="bbox 305 2114 1256 2189; baseline -0.001 -10"><span class='ocrx_word' id='word_1_92' title='bbox 305 2138 376 2180; x_wconf 90' lang='lat' dir='ltr'>mus</span> <span class='ocrx_word' id='word_1_93' title='bbox 390 2115 502 2180; x_wconf 92' lang='lat' dir='ltr'>doctor</span> <span class='ocrx_word' id='word_1_94' title='bbox 517 2116 662 2179; x_wconf 89' lang='lat' dir='ltr'>umbram</span> <span class='ocrx_word' id='word_1_95' title='bbox 677 2115 789 2178; x_wconf 90' lang='lat' dir='ltr'>somnii</span> <span class='ocrx_word' id='word_1_96' title='bbox 801 2137 864 2178; x_wconf 91' lang='lat' dir='ltr'>uon</span> <span class='ocrx_word' id='word_1_97' title='bbox 878 2114 987 2189; x_wconf 85' lang='lat' dir='ltr'>fuisse,</span> <span class='ocrx_word' id='word_1_98' title='bbox 999 2117 1054 2179; x_wconf 92' lang='lat' dir='ltr'>sed</span> <span class='ocrx_word' id='word_1_99' title='bbox 1070 2138 1133 2178; x_wconf 92' lang='lat' dir='ltr'>rem</span> <span class='ocrx_word' id='word_1_100' title='bbox 1148 2137 1256 2178; x_wconf 91' lang='lat' dir='ltr'>secum</span> 
     </span>
     <span class='ocr_line' id='line_1_15' title="bbox 305 2217 1256 2304; baseline 0.001 -24"><span class='ocrx_word' id='word_1_101' title='bbox 305 2218 457 2283; x_wconf 85' lang='lat' dir='ltr'>veraciter</span> <span class='ocrx_word' id='word_1_102' title='bbox 485 2218 537 2304; x_wconf 90' lang='lat' dir='ltr'>agi</span> <span class='ocrx_word' id='word_1_103' title='bbox 565 2221 706 2283; x_wconf 91' lang='lat' dir='ltr'>Domino</span> <span class='ocrx_word' id='word_1_104' title='bbox 734 2217 894 2294; x_wconf 84' lang='lat' dir='ltr'>visitante,</span> <span class='ocrx_word' id='word_1_105' title='bbox 924 2219 1019 2282; x_wconf 89' lang='lat' dir='ltr'>etiam</span> <span class='ocrx_word' id='word_1_106' title='bbox 1043 2218 1256 2304; x_wconf 90' lang='lat' dir='ltr'>jurisjurandi</span> 
     </span>
     <span class='ocr_line' id='line_1_16' title="bbox 305 2319 1255 2406; baseline -0.001 -21"><span class='ocrx_word' id='word_1_107' title='bbox 305 2321 455 2406; x_wconf 86' lang='lat' dir='ltr'>religione</span> <span class='ocrx_word' id='word_1_108' title='bbox 481 2319 653 2384; x_wconf 85' lang='lat' dir='ltr'>confirmet.</span> <span class='ocrx_word' id='word_1_109' title='bbox 701 2321 746 2383; x_wconf 89' lang='lat' dir='ltr'>Et</span> <span class='ocrx_word' id='word_1_110' title='bbox 771 2334 807 2384; x_wconf 90' lang='lat' dir='ltr'>ut</span> <span class='ocrx_word' id='word_1_111' title='bbox 832 2319 957 2405; x_wconf 90' lang='lat' dir='ltr'>plenam</span> <span class='ocrx_word' id='word_1_112' title='bbox 982 2319 1162 2385; x_wconf 81' lang='lat' dir='ltr'>assertionis</span> <span class='ocrx_word' id='word_1_113' title='bbox 1187 2341 1255 2384; x_wconf 84' lang='lat' dir='ltr'>suae</span> 
     </span>
     <span class='ocr_line' id='line_1_17' title="bbox 304 2422 1253 2499; baseline 0 -13"><span class='ocrx_word' id='word_1_114' title='bbox 304 2423 398 2488; x_wconf 85' lang='lat' dir='ltr'>faciat</span> <span class='ocrx_word' id='word_1_115' title='bbox 429 2423 536 2499; x_wconf 85' lang='lat' dir='ltr'>fidem,</span> <span class='ocrx_word' id='word_1_116' title='bbox 563 2422 693 2486; x_wconf 89' lang='lat' dir='ltr'>livorem</span> <span class='ocrx_word' id='word_1_117' title='bbox 721 2423 885 2488; x_wconf 89' lang='lat' dir='ltr'>verberum</span> <span class='ocrx_word' id='word_1_118' title='bbox 912 2425 945 2486; x_wconf 93' lang='lat' dir='ltr'>iu</span> <span class='ocrx_word' id='word_1_119' title='bbox 975 2434 1059 2497; x_wconf 92' lang='lat' dir='ltr'>cute,</span> <span class='ocrx_word' id='word_1_120' title='bbox 1086 2422 1253 2486; x_wconf 91' lang='lat' dir='ltr'>vulnerum</span> 
     </span>
     <span class='ocr_line' id='line_1_18' title="bbox 305 2521 1256 2609; baseline -0.002 -21"><span class='ocrx_word' id='word_1_121' title='bbox 305 2523 466 2588; x_wconf 77' lang='lat' dir='ltr'>cicatrices</span> <span class='ocrx_word' id='word_1_122' title='bbox 494 2522 738 2609; x_wconf 81' lang='lat' dir='ltr'>expergefactus</span> <span class='ocrx_word' id='word_1_123' title='bbox 766 2521 907 2586; x_wconf 86' lang='lat' dir='ltr'>ostendit</span> <span class='ocrx_word' id='word_1_124' title='bbox 936 2521 968 2585; x_wconf 90' lang='lat' dir='ltr'>in</span> <span class='ocrx_word' id='word_1_125' title='bbox 998 2544 1138 2608; x_wconf 90' lang='lat' dir='ltr'>corpore.</span> <span class='ocrx_word' id='word_1_126' title='bbox 1194 2523 1256 2586; x_wconf 87' lang='lat' dir='ltr'>Sed</span> 
     </span>
     <span class='ocr_line' id='line_1_19' title="bbox 306 2623 1256 2712; baseline -0.002 -22"><span class='ocrx_word' id='word_1_127' title='bbox 306 2648 404 2712; x_wconf 90' lang='lat' dir='ltr'>quum</span> <span class='ocrx_word' id='word_1_128' title='bbox 421 2625 489 2688; x_wconf 84' lang='lat' dir='ltr'>baec</span> <span class='ocrx_word' id='word_1_129' title='bbox 507 2647 526 2688; x_wconf 89' lang='lat' dir='ltr'>a</span> <span class='ocrx_word' id='word_1_130' title='bbox 541 2625 704 2711; x_wconf 90' lang='lat' dir='ltr'>spiritibus</span> <span class='ocrx_word' id='word_1_131' title='bbox 718 2625 801 2688; x_wconf 90' lang='lat' dir='ltr'>circa</span> <span class='ocrx_word' id='word_1_132' title='bbox 816 2624 958 2688; x_wconf 90' lang='lat' dir='ltr'>homines</span> <span class='ocrx_word' id='word_1_133' title='bbox 971 2623 1060 2702; x_wconf 87' lang='lat' dir='ltr'>fiant,</span> <span class='ocrx_word' id='word_1_134' title='bbox 1075 2648 1143 2688; x_wconf 90' lang='lat' dir='ltr'>eam</span> <span class='ocrx_word' id='word_1_135' title='bbox 1159 2625 1256 2689; x_wconf 90' lang='lat' dir='ltr'>solam</span> 
     </span>
     <span class='ocr_line' id='line_1_20' title="bbox 305 2725 1258 2811; baseline -0.001 -21"><span class='ocrx_word' id='word_1_136' title='bbox 305 2749 410 2791; x_wconf 87' lang='lat' dir='ltr'>rerum</span> <span class='ocrx_word' id='word_1_137' title='bbox 436 2725 604 2810; x_wconf 81' lang='lat' dir='ltr'>imaginem</span> <span class='ocrx_word' id='word_1_138' title='bbox 627 2725 731 2789; x_wconf 88' lang='lat' dir='ltr'>fidelis</span> <span class='ocrx_word' id='word_1_139' title='bbox 754 2726 859 2790; x_wconf 88' lang='lat' dir='ltr'>anima</span> <span class='ocrx_word' id='word_1_140' title='bbox 882 2747 945 2788; x_wconf 90' lang='lat' dir='ltr'>non</span> <span class='ocrx_word' id='word_1_141' title='bbox 969 2739 1168 2810; x_wconf 78' lang='lat' dir='ltr'>aspernatur,</span> <span class='ocrx_word' id='word_1_142' title='bbox 1183 2749 1258 2811; x_wconf 82' lang='lat' dir='ltr'>quae</span> 
     </span>
    </p>
   </div>
   <div class='ocr_carea' id='block_1_3' title="bbox 305 2825 1258 3002">
    <p class='ocr_par' dir='ltr' id='par_1_3' title="bbox 305 2825 1258 3002">
     <span class='ocr_line' id='line_1_21' title="bbox 305 2825 1256 2912; baseline 0 -20"><span class='ocrx_word' id='word_1_143' title='bbox 305 2827 514 2892; x_wconf 80' lang='lat' dir='ltr'>innocentiam</span> <span class='ocrx_word' id='word_1_144' title='bbox 531 2826 682 2912; x_wconf 89' lang='lat' dir='ltr'>relinquit</span> <span class='ocrx_word' id='word_1_145' title='bbox 697 2830 898 2894; x_wconf 87' lang='lat' dir='ltr'>incolumem.</span> <span class='ocrx_word' id='word_1_146' title='bbox 939 2825 1035 2900; x_wconf 84' lang='lat' dir='ltr'>Quod</span> <span class='ocrx_word' id='word_1_147' title='bbox 1052 2827 1078 2889; x_wconf 90' lang='lat' dir='ltr'>si</span> <span class='ocrx_word' id='word_1_148' title='bbox 1093 2828 1256 2892; x_wconf 84' lang='lat' dir='ltr'>materiam</span> 
     </span>
     <span class='ocr_line' id='line_1_22' title="bbox 306 2921 1258 3002; baseline 0.002 -15"><span class='ocrx_word' id='word_1_149' title='bbox 306 2925 393 2990; x_wconf 91' lang='lat' dir='ltr'>vitiis</span> <span class='ocrx_word' id='word_1_150' title='bbox 408 2921 528 3000; x_wconf 86' lang='lat' dir='ltr'>afferat,</span> <span class='ocrx_word' id='word_1_151' title='bbox 540 2923 702 2987; x_wconf 87' lang='lat' dir='ltr'>libidinem</span> <span class='ocrx_word' id='word_1_152' title='bbox 718 2923 801 2990; x_wconf 85' lang='lat' dir='ltr'>forte</span> <span class='ocrx_word' id='word_1_153' title='bbox 813 2923 997 3000; x_wconf 86' lang='lat' dir='ltr'>accendens,</span> <span class='ocrx_word' id='word_1_154' title='bbox 1010 2936 1066 2988; x_wconf 92' lang='lat' dir='ltr'>aut</span> <span class='ocrx_word' id='word_1_155' title='bbox 1081 2925 1258 3002; x_wconf 87' lang='lat' dir='ltr'>avaritiam,</span> 
     </span>
    </p>
   </div>
   <div class='ocr_carea' id='block_1_4' title="bbox 306 3024 1261 4236">
    <p class='ocr_par' dir='ltr' id='par_1_4' title="bbox 306 3024 1261 4236">
     <span class='ocr_line' id='line_1_23' title="bbox 306 3024 1257 3114; baseline -0.001 -22"><span class='ocrx_word' id='word_1_156' title='bbox 306 3041 364 3092; x_wconf 89' lang='lat' dir='ltr'>aut</span> <span class='ocrx_word' id='word_1_157' title='bbox 393 3024 575 3090; x_wconf 91' lang='lat' dir='ltr'>dominandi</span> <span class='ocrx_word' id='word_1_158' title='bbox 605 3026 751 3112; x_wconf 87' lang='lat' dir='ltr'>ingerens</span> <span class='ocrx_word' id='word_1_159' title='bbox 784 3027 976 3114; x_wconf 90' lang='lat' dir='ltr'>appetitum,</span> <span class='ocrx_word' id='word_1_160' title='bbox 1006 3038 1063 3091; x_wconf 90' lang='lat' dir='ltr'>aut</span> <span class='ocrx_word' id='word_1_161' title='bbox 1101 3028 1257 3113; x_wconf 90' lang='lat' dir='ltr'>quicquid</span> 
     </span>
     <span class='ocr_line' id='line_1_24' title="bbox 306 3128 1259 3216; baseline 0.002 -24"><span class='ocrx_word' id='word_1_162' title='bbox 306 3128 493 3215; x_wconf 88' lang='lat' dir='ltr'>hujusmodi</span> <span class='ocrx_word' id='word_1_163' title='bbox 512 3141 559 3194; x_wconf 89' lang='lat' dir='ltr'>est</span> <span class='ocrx_word' id='word_1_164' title='bbox 581 3128 622 3192; x_wconf 89' lang='lat' dir='ltr'>ad</span> <span class='ocrx_word' id='word_1_165' title='bbox 647 3130 883 3194; x_wconf 86' lang='lat' dir='ltr'>subversionem</span> <span class='ocrx_word' id='word_1_166' title='bbox 906 3129 1030 3205; x_wconf 84' lang='lat' dir='ltr'>animae,</span> <span class='ocrx_word' id='word_1_167' title='bbox 1046 3129 1259 3216; x_wconf 92' lang='lat' dir='ltr'>proculdubio</span> 
     </span>
     <span class='ocr_line' id='line_1_25' title="bbox 307 3231 1257 3318; baseline 0 -22"><span class='ocrx_word' id='word_1_168' title='bbox 307 3246 363 3298; x_wconf 90' lang='lat' dir='ltr'>aut</span> <span class='ocrx_word' id='word_1_169' title='bbox 393 3255 465 3296; x_wconf 88' lang='lat' dir='ltr'>caro</span> <span class='ocrx_word' id='word_1_170' title='bbox 494 3243 551 3295; x_wconf 88' lang='lat' dir='ltr'>aut</span> <span class='ocrx_word' id='word_1_171' title='bbox 580 3231 711 3318; x_wconf 90' lang='lat' dir='ltr'>spiritus</span> <span class='ocrx_word' id='word_1_172' title='bbox 741 3231 901 3318; x_wconf 88' lang='lat' dir='ltr'>malignus</span> <span class='ocrx_word' id='word_1_173' title='bbox 929 3232 1080 3297; x_wconf 88' lang='lat' dir='ltr'>immittit.</span> <span class='ocrx_word' id='word_1_174' title='bbox 1135 3235 1199 3310; x_wconf 85' lang='lat' dir='ltr'>Qui</span> <span class='ocrx_word' id='word_1_175' title='bbox 1225 3234 1257 3296; x_wconf 89' lang='lat' dir='ltr'>iu</span> 
     </span>
     <span class='ocr_line' id='line_1_26' title="bbox 310 3333 1257 3422; baseline 0.002 -24"><span class='ocrx_word' id='word_1_176' title='bbox 310 3334 460 3420; x_wconf 89' lang='lat' dir='ltr'>quosdam</span> <span class='ocrx_word' id='word_1_177' title='bbox 493 3333 696 3417; x_wconf 83' lang='lat' dir='ltr'>exigentibus</span> <span class='ocrx_word' id='word_1_178' title='bbox 726 3333 838 3419; x_wconf 90' lang='lat' dir='ltr'>culpis,</span> <span class='ocrx_word' id='word_1_179' title='bbox 870 3334 1010 3400; x_wconf 92' lang='lat' dir='ltr'>Domino</span> <span class='ocrx_word' id='word_1_180' title='bbox 1043 3335 1257 3422; x_wconf 87' lang='lat' dir='ltr'>permittente,</span> 
     </span>
     <span class='ocr_line' id='line_1_27' title="bbox 309 3435 1257 3525; baseline -0.001 -23"><span class='ocrx_word' id='word_1_181' title='bbox 309 3449 396 3502; x_wconf 90' lang='lat' dir='ltr'>tanta</span> <span class='ocrx_word' id='word_1_182' title='bbox 417 3435 548 3501; x_wconf 82' lang='lat' dir='ltr'>malitiae</span> <span class='ocrx_word' id='word_1_183' title='bbox 571 3459 636 3502; x_wconf 83' lang='lat' dir='ltr'>suae</span> <span class='ocrx_word' id='word_1_184' title='bbox 658 3435 783 3500; x_wconf 89' lang='lat' dir='ltr'>licentia</span> <span class='ocrx_word' id='word_1_185' title='bbox 806 3437 1034 3510; x_wconf 84' lang='lat' dir='ltr'>debacchatur,</span> <span class='ocrx_word' id='word_1_186' title='bbox 1056 3452 1092 3505; x_wconf 91' lang='lat' dir='ltr'>ut</span> <span class='ocrx_word' id='word_1_187' title='bbox 1116 3437 1203 3525; x_wconf 93' lang='lat' dir='ltr'>quod</span> <span class='ocrx_word' id='word_1_188' title='bbox 1224 3442 1257 3502; x_wconf 91' lang='lat' dir='ltr'>in</span> 
     </span>
     <span class='ocr_line' id='line_1_28' title="bbox 309 3537 1258 3626; baseline 0.003 -22"><span class='ocrx_word' id='word_1_189' title='bbox 309 3539 421 3626; x_wconf 88' lang='lat' dir='ltr'>spiritu</span> <span class='ocrx_word' id='word_1_190' title='bbox 437 3539 618 3626; x_wconf 86' lang='lat' dir='ltr'>patiuntur,</span> <span class='ocrx_word' id='word_1_191' title='bbox 634 3537 807 3603; x_wconf 89' lang='lat' dir='ltr'>miserrime</span> <span class='ocrx_word' id='word_1_192' title='bbox 821 3553 854 3604; x_wconf 92' lang='lat' dir='ltr'>et</span> <span class='ocrx_word' id='word_1_193' title='bbox 874 3539 1113 3606; x_wconf 88' lang='lat' dir='ltr'>mendacissime</span> <span class='ocrx_word' id='word_1_194' title='bbox 1127 3540 1258 3607; x_wconf 91' lang='lat' dir='ltr'>credaut</span> 
     </span>
     <span class='ocr_line' id='line_1_29' title="bbox 308 3641 1258 3731; baseline 0.003 -25"><span class='ocrx_word' id='word_1_195' title='bbox 308 3641 340 3706; x_wconf 93' lang='lat' dir='ltr'>in</span> <span class='ocrx_word' id='word_1_196' title='bbox 368 3641 554 3726; x_wconf 88' lang='lat' dir='ltr'>corporibus</span> <span class='ocrx_word' id='word_1_197' title='bbox 579 3641 712 3706; x_wconf 89' lang='lat' dir='ltr'>evenire.</span> <span class='ocrx_word' id='word_1_198' title='bbox 758 3643 860 3721; x_wconf 87' lang='lat' dir='ltr'>Quale</span> <span class='ocrx_word' id='word_1_199' title='bbox 882 3656 931 3708; x_wconf 89' lang='lat' dir='ltr'>est</span> <span class='ocrx_word' id='word_1_200' title='bbox 957 3644 1045 3731; x_wconf 92' lang='lat' dir='ltr'>quod</span> <span class='ocrx_word' id='word_1_201' title='bbox 1069 3644 1258 3709; x_wconf 86' lang='lat' dir='ltr'>nocticulam</span> 
     </span>
     <span class='ocr_line' id='line_1_30' title="bbox 308 3742 1258 3830; baseline 0.004 -23"><span class='ocrx_word' id='word_1_202' title='bbox 308 3743 466 3829; x_wconf 90' lang='lat' dir='ltr'>quandam</span> <span class='ocrx_word' id='word_1_203' title='bbox 482 3742 531 3805; x_wconf 89' lang='lat' dir='ltr'>vel</span> <span class='ocrx_word' id='word_1_204' title='bbox 550 3743 777 3821; x_wconf 90' lang='lat' dir='ltr'>Herodiadem,</span> <span class='ocrx_word' id='word_1_205' title='bbox 794 3745 842 3808; x_wconf 92' lang='lat' dir='ltr'>vel</span> <span class='ocrx_word' id='word_1_206' title='bbox 859 3744 1023 3830; x_wconf 76' lang='lat' dir='ltr'>praesidem</span> <span class='ocrx_word' id='word_1_207' title='bbox 1040 3747 1143 3810; x_wconf 89' lang='lat' dir='ltr'>noctis</span> <span class='ocrx_word' id='word_1_208' title='bbox 1157 3746 1258 3810; x_wconf 92' lang='lat' dir='ltr'>domi·</span> 
     </span>
     <span class='ocr_line' id='line_1_31' title="bbox 308 3843 1258 3924; baseline 0.002 -16"><span class='ocrx_word' id='word_1_209' title='bbox 308 3867 377 3908; x_wconf 91' lang='lat' dir='ltr'>nam</span> <span class='ocrx_word' id='word_1_210' title='bbox 390 3843 522 3908; x_wconf 90' lang='lat' dir='ltr'>concilia</span> <span class='ocrx_word' id='word_1_211' title='bbox 533 3856 563 3908; x_wconf 89' lang='lat' dir='ltr'>et</span> <span class='ocrx_word' id='word_1_212' title='bbox 579 3857 754 3909; x_wconf 88' lang='lat' dir='ltr'>conventus</span> <span class='ocrx_word' id='word_1_213' title='bbox 766 3845 805 3910; x_wconf 91' lang='lat' dir='ltr'>de</span> <span class='ocrx_word' id='word_1_214' title='bbox 816 3860 909 3912; x_wconf 89' lang='lat' dir='ltr'>nocte</span> <span class='ocrx_word' id='word_1_215' title='bbox 920 3859 1064 3912; x_wconf 88' lang='lat' dir='ltr'>asserunt</span> <span class='ocrx_word' id='word_1_216' title='bbox 1074 3869 1258 3924; x_wconf 89' lang='lat' dir='ltr'>convocare,</span> 
     </span>
     <span class='ocr_line' id='line_1_32' title="bbox 309 3945 1261 4032; baseline 0.004 -23"><span class='ocrx_word' id='word_1_217' title='bbox 309 3945 395 4010; x_wconf 88' lang='lat' dir='ltr'>varia</span> <span class='ocrx_word' id='word_1_218' title='bbox 405 3945 557 4010; x_wconf 90' lang='lat' dir='ltr'>celebrari</span> <span class='ocrx_word' id='word_1_219' title='bbox 570 3945 724 4025; x_wconf 90' lang='lat' dir='ltr'>convivia,</span> <span class='ocrx_word' id='word_1_220' title='bbox 736 3947 982 4012; x_wconf 86' lang='lat' dir='ltr'>ministeriorum</span> <span class='ocrx_word' id='word_1_221' title='bbox 997 3947 1116 4032; x_wconf 90' lang='lat' dir='ltr'>species</span> <span class='ocrx_word' id='word_1_222' title='bbox 1127 3947 1261 4013; x_wconf 87' lang='lat' dir='ltr'>diversis</span> 
     </span>
     <span class='ocr_line' id='line_1_33' title="bbox 307 4046 1259 4136; baseline 0.004 -26"><span class='ocrx_word' id='word_1_223' title='bbox 307 4046 569 4132; x_wconf 88' lang='lat' dir='ltr'>occupationibus</span> <span class='ocrx_word' id='word_1_224' title='bbox 596 4047 747 4124; x_wconf 84' lang='lat' dir='ltr'>exerceri,</span> <span class='ocrx_word' id='word_1_225' title='bbox 777 4061 808 4112; x_wconf 91' lang='lat' dir='ltr'>et</span> <span class='ocrx_word' id='word_1_226' title='bbox 842 4071 927 4114; x_wconf 91' lang='lat' dir='ltr'>nunc</span> <span class='ocrx_word' id='word_1_227' title='bbox 954 4050 1033 4116; x_wconf 92' lang='lat' dir='ltr'>istos</span> <span class='ocrx_word' id='word_1_228' title='bbox 1062 4048 1102 4112; x_wconf 91' lang='lat' dir='ltr'>ad</span> <span class='ocrx_word' id='word_1_229' title='bbox 1133 4071 1259 4136; x_wconf 78' lang='lat' dir='ltr'>poenam</span> 
     </span>
     <span class='ocr_line' id='line_1_34' title="bbox 309 4148 1259 4236; baseline 0.005 -24"><span class='ocrx_word' id='word_1_230' title='bbox 309 4148 390 4214; x_wconf 90' lang='lat' dir='ltr'>trabi</span> <span class='ocrx_word' id='word_1_231' title='bbox 414 4171 474 4234; x_wconf 90' lang='lat' dir='ltr'>pro</span> <span class='ocrx_word' id='word_1_232' title='bbox 498 4149 628 4229; x_wconf 91' lang='lat' dir='ltr'>meritis,</span> <span class='ocrx_word' id='word_1_233' title='bbox 651 4171 735 4214; x_wconf 89' lang='lat' dir='ltr'>nuno</span> <span class='ocrx_word' id='word_1_234' title='bbox 761 4150 831 4215; x_wconf 93' lang='lat' dir='ltr'>illos</span> <span class='ocrx_word' id='word_1_235' title='bbox 857 4150 898 4214; x_wconf 89' lang='lat' dir='ltr'>ad</span> <span class='ocrx_word' id='word_1_236' title='bbox 925 4151 1058 4236; x_wconf 87' lang='lat' dir='ltr'>gloriam</span> <span class='ocrx_word' id='word_1_237' title='bbox 1085 4152 1259 4218; x_wconf 86' lang='lat' dir='ltr'>sublimari.</span> 
     </span>
    </p>
   </div>
   <div class='ocr_carea' id='block_1_5' title="bbox 310 4249 1261 4438">
    <p class='ocr_par' dir='ltr' id='par_1_5' title="bbox 310 4249 1261 4438">
     <span class='ocr_line' id='line_1_35' title="bbox 312 4249 1259 4338; baseline 0.006 -26"><span class='ocrx_word' id='word_1_238' title='bbox 312 4249 469 4316; x_wconf 81' lang='lat' dir='ltr'>Praeterea</span> <span class='ocrx_word' id='word_1_239' title='bbox 491 4251 628 4316; x_wconf 77' lang='lat' dir='ltr'>infantes</span> <span class='ocrx_word' id='word_1_240' title='bbox 649 4253 766 4338; x_wconf 83' lang='lat' dir='ltr'>exponi</span> <span class='ocrx_word' id='word_1_241' title='bbox 792 4252 907 4329; x_wconf 88' lang='lat' dir='ltr'>lamiis,</span> <span class='ocrx_word' id='word_1_242' title='bbox 929 4267 962 4317; x_wconf 90' lang='lat' dir='ltr'>et</span> <span class='ocrx_word' id='word_1_243' title='bbox 987 4276 1071 4318; x_wconf 89' lang='lat' dir='ltr'>nuuc</span> <span class='ocrx_word' id='word_1_244' title='bbox 1096 4254 1259 4320; x_wconf 81' lang='lat' dir='ltr'>frustatim</span> 
     </span>
     <span class='ocr_line' id='line_1_36' title="bbox 310 4347 1261 4438; baseline 0.006 -28"><span class='ocrx_word' id='word_1_245' title='bbox 310 4347 495 4436; x_wconf 80' lang='lat' dir='ltr'>discerptos,</span> <span class='ocrx_word' id='word_1_246' title='bbox 506 4351 594 4416; x_wconf 87' lang='lat' dir='ltr'>edaci</span> <span class='ocrx_word' id='word_1_247' title='bbox 607 4349 748 4436; x_wconf 89' lang='lat' dir='ltr'>ingluvie</span> <span class='ocrx_word' id='word_1_248' title='bbox 763 4352 794 4416; x_wconf 91' lang='lat' dir='ltr'>in</span> <span class='ocrx_word' id='word_1_249' title='bbox 808 4365 948 4416; x_wconf 88' lang='lat' dir='ltr'>ventrem</span> <span class='ocrx_word' id='word_1_250' title='bbox 962 4354 1110 4438; x_wconf 89' lang='lat' dir='ltr'>trajectos</span> <span class='ocrx_word' id='word_1_251' title='bbox 1121 4355 1261 4438; x_wconf 90' lang='lat' dir='ltr'>congeri,</span> 
     </span>
    </p>
   </div>
   <div class='ocr_carea' id='block_1_6' title="bbox 0 0 1726 5367">
    <p class='ocr_par' dir='ltr' id='par_1_6' title="bbox 0 0 1726 5367">
     <span class='ocr_line' id='line_1_37' title="bbox 0 0 1726 5367; baseline 0 0"><span class='ocrx_word' id='word_1_252' title='bbox 0 0 1726 5367; x_wconf 95' lang='lat' dir='ltr'> </span> 
     </span>
    </p>
   </div>
  </div>
 </body>
</html>
