3425 5367
438 705 498 766 186
695 721 831 767 solutus
847 721 1129 769 ssunsnntunusrs
1256 703 1338 782 [un.
1354 724 1391 768 ιι.

439 873 506 936 tius
521 870 676 935 mendacii
691 869 868 936 credendus
889 882 967 951 erat,
981 893 1080 956 quam
1096 870 1231 936 occultae
1247 873 1393 937 veritatis

437 970 602 1056 interpres.
637 972 743 1058 Vulgo
757 970 916 1056 siquidem
929 994 1029 1056 quum
1045 973 1121 1057 quis
1130 972 1304 1038 mentiendi
1316 987 1393 1040 uota

437 1069 590 1150 inuritur,
605 1072 667 1137 dici
683 1073 773 1150 solet,
789 1072 867 1158 quia
881 1076 996 1157 quovis
1010 1072 1145 1148 excubo,
1162 1073 1292 1158 vigilive
1307 1096 1393 1139 men-

437 1170 545 1236 dacior
564 1186 622 1239 est.
669 1175 753 1238 Item
773 1173 1064 1238 chironomanticus
1081 1173 1258 1256 adhibitus,
1272 1187 1304 1240 et
1320 1198 1393 1239 oon-

439 1271 543 1337 sultus
557 1273 637 1358 quid
660 1273 821 1338 contulit?
860 1277 945 1338 Nam
960 1273 1074 1338 subeo
1093 1273 1230 1338 articulo
1245 1286 1391 1361 uterque,

439 1373 587 1460 quisquis
601 1375 662 1440 boc
676 1375 788 1460 egerit,
799 1374 968 1441 consultus
980 1388 1039 1442 est.
1070 1375 1125 1440 Tu
1140 1374 1270 1460 quidem
1283 1376 1393 1462 paucis

438 1474 554 1540 diebus
575 1475 699 1564 elapsis,
721 1476 813 1562 quasi
835 1474 958 1539 stellam
985 1474 1175 1540 matutinam
1196 1476 1321 1561 generis
1342 1476 1392 1541 tui

439 1599 502 1642 non
515 1581 723 1664 praemonitus
733 1576 913 1664 perdidisti.
944 1578 1079 1658 Cretera,
1090 1600 1165 1664 quae
1176 1577 1290 1642 melius
1300 1579 1394 1658 nosti,

440 1680 576 1745 scienter
591 1693 700 1752 tace03
731 1701 833 1764 quum
848 1677 903 1743 isti
921 1679 1063 1743 vanitate
1078 1701 1136 1743 sua
1157 1679 1332 1746 meruerint
1353 1703 1393 1744 ue

440 1782 576 1848 ulterius
598 1780 813 1846 consulantur.
857 1780 1111 1866 Pythouicorum
1130 1804 1207 1845 vero
1228 1805 1267 1845 eo
1288 1782 1393 1868 perni-

440 1884 553 1948 ciosior
568 1896 614 1948 est
630 1882 831 1959 consultatio,
848 1905 915 1968 quo
928 1882 1055 1947 fallacia
1076 1883 1287 1968 malignorum
1303 1883 1394 1970 spiri·

439 1997 533 2048 tuum
549 1983 581 2048 iu
597 1984 646 2048 his
660 1984 857 2049 manifestior
880 1996 939 2064 est,
953 1984 1011 2071 qui
1026 1984 1093 2048 sive
1107 1987 1312 2065 mentiantur,
1327 1986 1392 2050 sive

439 2107 514 2164 nou,
529 2089 562 2150 in
576 2085 739 2172 proposito
755 2108 879 2171 semper
893 2085 1012 2150 habent
1028 2098 1066 2150 ut
1080 2100 1223 2152 noceant.
1262 2086 1394 2152 Fallunt

440 2200 547 2252 autem
570 2185 731 2250 interdum
758 2187 867 2252 studio
890 2187 1033 2269 fallendi,
1056 2189 1218 2253 interdum
1241 2187 1394 2253 caecitatis

441 2309 508 2352 sum
523 2309 628 2350 errore
643 2287 788 2373 decepti:
813 2288 845 2351 id
863 2302 968 2354 tamen
984 2305 1084 2372 agunt
1099 2289 1236 2369 assidue,
1253 2301 1289 2353 ut
1303 2288 1392 2353 futu-

440 2411 549 2454 rorum
571 2372 686 2452 conscii
708 2411 765 2475 per
787 2391 895 2455 omnia
910 2390 1088 2456 videantur.
1134 2391 1216 2454 Inde
1235 2404 1283 2455 est
1306 2389 1393 2476 quod

441 2488 652 2575 ambiguitate
667 2490 836 2555 verborum
857 2491 1043 2556 obnubilare
1058 2491 1189 2556 student
1203 2489 1341 2570 oracula,
1356 2504 1393 2554 ut

442 2613 539 2676 quum
561 2590 738 2672 mendaces,
757 2603 814 2656 aut
836 2591 965 2658 fallaces
986 2591 1107 2656 inventi
1132 2591 1264 2668 fuerint,
1285 2591 1394 2678 aliquo

442 2692 574 2758 rationis
590 2693 766 2758 velamento
778 2716 868 2758 suam
884 2706 1032 2780 quaerant
1044 2694 1128 2760 tueri
1142 2694 1310 2760 fallaciam.
1342 2693 1394 2758 Sic

444 2795 558 2882 utique
586 2796 696 2862 fallere
724 2819 788 2860 non
814 2795 986 2875 desistunt,
1010 2796 1111 2861 donec
1136 2796 1298 2860 auditores
1320 2817 1395 2860 suos

442 2897 645 2984 praecipitent
671 2898 703 2962 in
728 2898 865 2962 ruinam.
910 2898 974 2965 Cui
997 2897 1080 2962 enim
1103 2919 1124 2961 a
1146 2897 1263 2964 sarculo
1283 2910 1393 2963 vatum

441 2999 591 3084 profuere
605 3003 777 3084 responsa?
806 3001 982 3078 Croeso-ne,
994 3021 1034 3062 an
1051 2998 1190 3083 Pyrrho,
1206 3013 1263 3063 sut
1277 3020 1395 3084 praece·

440 3097 585 3162 dentium
597 3098 924 3182 sutsubsequentium
935 3101 1106 3182 cuiquam?
1129 3101 1209 3162 Dux
1220 3099 1394 3165 Thebanus

441 3196 518 3262 dum
533 3197 574 3260 de
589 3197 718 3261 oraculo
732 3211 839 3284 sperat
851 3198 1027 3276 victoriam,
1038 3197 1149 3261 fratris
1164 3221 1313 3263 mucrone
1323 3222 1396 3285 per·

442 3296 575 3377 foditur.
621 3299 666 3363 Et
683 3311 789 3363 tamen
811 3321 892 3363 avus
912 3297 1013 3363 Laius
1030 3318 1193 3360 successus
1212 3295 1288 3358 belli
1308 3298 1397 3362 visus

443 3412 490 3464 est
506 3399 659 3486 polliceri.
703 3399 790 3478 Quid
804 3400 888 3464 enim
903 3399 993 3465 aliud
1007 3395 1209 3482 significaret,
1218 3393 1305 3481 quod
1321 3410 1395 3483 post

443 3500 561 3566 multas
575 3503 726 3588 ambages
739 3501 861 3579 intulit,

652 3638 723 3685 certa
734 3637 775 3693 est
785 3633 891 3684 victoria
903 3630 1026 3692 Thebis?

446 3751 608 3814 Caeterum
623 3772 675 3826 ue,
690 3749 882 3835 interempto
896 3748 990 3826 duce,
1005 3748 1162 3819 mendacii
1176 3760 1343 3834 arguatur,
1357 3761 1394 3812 ut

444 3850 600 3916 fallaciam
623 3853 775 3938 ambigua
788 3850 930 3918 veritatis
950 3863 1027 3919 nota
1048 3850 1233 3928 obduceret,
1248 3873 1312 3937 quo
1331 3872 1395 3913 ma-

445 3952 544 4018 litiam
561 3967 700 4032 tueatur,
716 3953 865 4041 subjecit,

622 4087 677 4141 Hei
688 4087 752 4140 mihi
764 4105 810 4158 per
820 4086 922 4155 gladios
933 4088 996 4142 visit
1006 4093 1089 4160 pater.

448 4205 500 4269 Sic
514 4227 591 4289 ergo
606 4204 683 4270 dum
705 4206 794 4292 quasi
809 4205 949 4270 fatorum
972 4205 1103 4270 oonsilio
1123 4227 1252 4269 securus
1266 4203 1307 4268 ad
1323 4225 1394 4289 par-

447 4308 593 4380 ricidium
615 4309 779 4392 invitatur,
793 4309 909 4398 laqueo
930 4308 1103 4396 impietatis
1126 4308 1266 4376 trabitur
1282 4306 1324 4371 ad
1342 4328 1395 4376 oc·
