3425 5367
417 706 481 764 204
675 716 811 762 JoltNMs
826 713 1104 760 saansnnmansrs
1216 695 1298 774 [mn.
1316 713 1367 758 111.

418 870 565 935 Heredes
579 890 708 955 quoque
723 869 868 932 defuncti
882 869 915 930 iu
931 866 1069 930 solidum
1085 866 1165 928 etin
1180 874 1372 949 perpetuum

416 982 565 1037 tenentur
586 971 626 1034 de
649 993 698 1050 eo,
722 970 808 1054 quod
832 969 873 1033 ad
896 991 951 1032 eos
974 967 1152 1032 constiterit
1173 968 1368 1050 pervenisse.

417 1073 483 1137 Sed
499 1072 578 1155 quid
593 1072 756 1136 adulatore
776 1069 940 1135 dolosius?
979 1071 1023 1132 At
1037 1069 1115 1130 mibi
1129 1069 1209 1131 forte
1225 1067 1370 1152 objicieS,

418 1174 580 1257 quianon
604 1193 716 1235 omnes
740 1172 827 1234 nori.
871 1173 991 1234 Verum
1018 1169 1147 1252 quidem
1171 1181 1238 1246 est3
1270 1169 1327 1232 sed
1353 1193 1372 1233 a

418 1276 527 1338 multis
542 1274 621 1338 mihi
637 1274 786 1337 didicisse
797 1271 908 1334 videor
920 1271 1060 1334 omnium
1078 1292 1189 1334 mores.
1223 1271 1372 1334 Duellius

412 1377 482 1460 jam
499 1397 609 1449 senex,
620 1375 688 1459 jam
701 1374 884 1457 decrepitus
896 1392 1029 1454 corpore
1041 1371 1202 1454 cordeque
1213 1373 1372 1450 trementi,

419 1477 534 1542 dolens
544 1477 606 1540 sibi
618 1477 845 1559 exprobratum
861 1495 930 1536 esse
946 1473 978 1536 in
989 1473 1107 1557 jurgio,
1119 1473 1206 1556 quod
1222 1473 1286 1536 oris
1296 1473 1372 1537 vitio

418 1578 551 1642 foetidus
570 1589 665 1656 esset,
687 1577 874 1640 sodomum
896 1575 1042 1640 contulit.
1088 1574 1258 1658 Quumque
1279 1574 1374 1637 uxori

418 1681 546 1760 gravius
575 1688 768 1762 quereretur,
795 1675 882 1760 quod
909 1696 1074 1758 nunquam
1103 1697 1175 1738 eum
1207 1687 1371 1738 monuerat

416 1781 513 1866 hujus
528 1781 595 1844 vitii
610 1801 750 1864 quaerere
764 1779 973 1842 medicinam:
998 1777 1171 1851 Fecissem,
1181 1777 1296 1860 inquit,
1309 1777 1372 1840 nisi

417 1895 579 1967 putassem
602 1903 658 1944 ora
683 1882 822 1943 virorum
847 1879 990 1941 omnium
1012 1879 1057 1941 sic
1085 1881 1178 1942 olere.
1224 1879 1371 1942 Laudare

418 1983 538 2066 poteris
553 1982 623 2066 ejus
643 1981 836 2043 matrimonii
857 1977 1059 2062 pudicitiam,
1074 1993 1106 2042 et
1126 1981 1273 2063 praefcrre
1288 1981 1370 2062 pati-

418 2087 538 2148 entiam
553 2085 703 2157 mulieris,
721 2106 792 2167 quae
809 2083 868 2145 viri
883 2083 995 2145 vitium
1011 2094 1100 2146 tanta
1121 2084 1273 2166 patientia
1288 2081 1370 2157 tulit,

418 2195 454 2248 nt
468 2184 522 2245 ille
537 2183 757 2246 infelicitatem
779 2183 932 2266 corporis,
946 2203 1011 2244 non
1032 2182 1142 2246 uxoris
1158 2183 1298 2261 fastidio,
1313 2183 1371 2246 sed

417 2282 590 2354 maledicto
606 2284 740 2347 senserit
753 2284 888 2349 inimici.
919 2285 961 2346 At
976 2293 1008 2346 et
1022 2304 1084 2365 ego
1099 2283 1140 2346 de
1156 2280 1372 2347 adulatoribus

417 2385 540 2469 aliquid
556 2386 619 2449 tale
634 2384 824 2469 respondeo,
840 2384 918 2468 quia
936 2406 1047 2448 omnes
1063 2387 1198 2449 arbitror
1211 2385 1258 2448 sic
1275 2387 1370 2448 olere.

417 2486 538 2549 Omnes
553 2486 713 2549 fallaciam
728 2495 760 2548 et
774 2484 884 2548 dolum
907 2485 1062 2564 redolent,
1077 2497 1110 2549 et
1129 2506 1321 2569 quocunque
1336 2506 1370 2548 se

416 2595 550 2660 vertant,
560 2587 689 2670 pudicis
703 2587 844 2666 naribus,
855 2587 942 2650 hunc
956 2587 1137 2670 important,
1148 2609 1213 2650 non
1229 2588 1371 2666 odorem,

417 2688 475 2752 sed
489 2689 643 2752 foetorem.
687 2688 852 2773 Quicquid
873 2710 948 2770 crgo
964 2711 1007 2752 ex
1022 2711 1061 2752 ea
1075 2711 1172 2752 causa
1186 2691 1371 2774 acquiritur,

417 2793 513 2856 etiam
529 2794 570 2855 ab
585 2791 712 2856 haerede
722 2792 810 2876 juste
821 2802 927 2874 potest
941 2793 1045 2856 avelli.
1084 2794 1155 2856 Nec
1171 2793 1266 2858 credo
1282 2791 1370 2876 quod

419 2893 522 2974 possit
537 2893 724 2974 petitoribus
738 2891 873 2970 obviari,
888 2892 915 2954 si
932 2893 1099 2957 vendicare
1117 2893 1265 2971 audeant,
1281 2892 1369 2976 quod

417 2993 635 3056 adulatoribus
650 2995 864 3056 contulerunt.
910 2993 975 3056 Sed
998 2996 1069 3078 quis
1092 2997 1219 3078 sapiens
1233 3007 1265 3058 et
1279 2996 1372 3058 intel·

416 3094 495 3176 liget
510 3093 592 3157 ista?
616 3095 682 3157 Aut
693 3094 736 3156 ad
751 3095 813 3156 hoc
830 3095 902 3178 quis
918 3095 1066 3175 idonens,
1078 3119 1177 3180 quum
1193 3119 1259 3161 non
1275 3097 1370 3160 modo

415 3196 561 3258 inomni
583 3195 689 3274 domo,
711 3207 767 3259 ant
788 3198 1024 3261 conviventium
1052 3209 1149 3275 coetu,
1172 3199 1370 3262 adulantium

417 3307 505 3361 tanta
534 3297 576 3362 sit
605 3298 710 3382 copia,
737 3313 772 3361 ut
797 3297 825 3360 si
850 3300 923 3382 quis
949 3300 1113 3364 modestus
1138 3299 1289 3361 adversus
1315 3320 1372 3362 eos

418 3400 531 3462 mutire
546 3400 674 3478 audeat,
690 3402 763 3464 illos

522 3506 655 3558 Defendet
665 3525 795 3572 numerus,
802 3508 952 3578 junctaeque
964 3507 1073 3559 umbone
1085 3504 1251 3576 phalanges?

417 3603 512 3667 Certe
539 3603 617 3664 dum
641 3604 689 3664 vir
713 3604 868 3665 honestus
893 3604 1033 3666 innitens
1063 3604 1283 3679 conscientia,
1309 3606 1369 3670 vir·

418 3712 585 3786 tutumque
599 3703 752 3766 insistens
773 3704 901 3782 officim,
916 3705 1024 3782 esurit,
1041 3706 1117 3784 sitit,
1133 3707 1226 3788 alget,
1244 3718 1276 3770 et
1289 3708 1371 3771 mul·

417 3806 546 3890 tiplices
560 3804 697 3868 sortunae
712 3805 912 3888 indignantis
926 3808 1058 3890 injurias
1073 3809 1208 3892 exeipit,

521 3910 592 3966 Vilis
603 3911 722 3964 adulator
733 3912 801 3983 picto
809 3912 882 3983 jacet
894 3914 980 3967 ebrius
992 3920 1070 3979 ostro,

418 4008 537 4071 delitiis
549 4009 760 4090 ingurgitatur
782 4009 824 4072 ad
847 4013 1023 4094 crapulam,
1039 4013 1114 4076 vino
1138 4023 1262 4092 aestuat,
1275 4014 1369 4076 lauti·

416 4111 523 4172 oribus
539 4109 623 4173 cibis
637 4110 839 4190 distenditur,
850 4124 883 4176 et
897 4135 955 4197 pro
971 4115 1100 4178 arbitrio
1115 4117 1209 4178 variis
1225 4115 1368 4180 artificiis

416 4212 535 4277 coelum
550 4211 611 4274 sibi
628 4223 857 4295 contemperat.
904 4216 1026 4278 Primos
1047 4217 1145 4279 habet
1158 4219 1320 4280 recubitus
1335 4219 1368 4280 in

359 4338 363 4342 “
418 4303 528 4390 crenis,
552 4312 587 4374 iu
610 4313 820 4376 conventibus
844 4315 962 4398 primos
992 4337 1172 4393 consessus,
1200 4319 1369 4398 praeelecto
