3425 5367
427 665 491 727 266
683 676 821 721 sosnnrs
835 674 1118 721 samsonarnnsrs
1256 656 1339 736 [arn.
1355 677 1385 721 v.

431 829 589 916 depictus,
607 827 787 905 Pontifices,
808 830 968 913 Augures,
992 838 1025 891 et
1040 825 1289 895 sacerdotiorum
1306 826 1385 905 varji

431 930 524 1009 ritus,
539 928 660 1015 quihus
679 929 726 993 ita
745 928 923 994 barbariem
943 924 1123 1013 occupavit,
1144 938 1182 995 ut
1203 927 1244 993 ab
1260 926 1386 1011 injuriis

431 1043 654 1117 temperarent,
668 1030 861 1099 feriarentur
876 1030 918 1096 ab
939 1032 1046 1109 armis,
1056 1027 1215 1114 justitiam
1232 1028 1384 1107 colerent,

433 1145 466 1201 et
485 1131 607 1200 civilem
628 1131 688 1196 sibi
709 1130 843 1199 invicem
866 1130 1066 1216 impartirent
1085 1129 1257 1203 affectum
1281 1152 1384 1215 eoque

432 1234 569 1302 ferocem
588 1232 713 1316 redegit
735 1230 904 1317 populum,
927 1243 963 1300 nt
978 1228 1161 1315 imperium,
1183 1230 1272 1316 quod
1287 1230 1318 1295 vi
1335 1232 1384 1311 (ut

433 1328 565 1409 dicitnr)
589 1340 622 1393 et
646 1327 764 1414 injuria
787 1338 1010 1413 occupaverat,
1035 1327 1172 1413 justitiae
1201 1340 1233 1395 et
1256 1328 1386 1417 pietatis

435 1431 562 1518 legibus
585 1430 719 1500 feliciter
737 1430 941 1515 gubernaret.
986 1429 1050 1496 Sed
1077 1428 1156 1515 qnid
1172 1431 1301 1517 profero
1316 1434 1386 1497 Nn-

436 1554 637 1618 mam‚quum
647 1544 679 1598 et
688 1543 796 1618 patres
804 1531 880 1599 fidei
890 1534 1139 1611 nostrae,veteris
1149 1532 1227 1615 legis
1237 1531 1388 1601 sacrificia

434 1647 576 1702 asserant
597 1633 755 1711 instituta,
777 1656 817 1701 ne
836 1634 871 1697 in
894 1632 1122 1703 doemoniorum
1146 1632 1387 1720 cnltnpopnlus

435 1751 622 1822 occupatus,
634 1758 716 1803 verae
727 1734 888 1821 religionis
898 1735 1072 1803 dedisceret
1084 1735 1220 1815 cultum,
1229 1736 1294 1803 ritu
1309 1758 1386 1821 gen·

437 1837 518 1908 tium
533 1837 687 1905 sacrificia
708 1861 766 1903 sua
780 1836 948 1904 daemoniis
970 1836 1145 1915 immolans,
1168 1852 1200 1909 et
1216 1861 1276 1903 non
1294 1842 1385 1903 Deo?

439 1939 565 2009 Colitur
575 1962 652 2025 ergo
663 1944 765 2021 Deus,
780 1953 838 2007 ant
848 1939 965 2007 effectu
981 1938 1107 2015 ruentis.
1119 1952 1176 2006 aut
1191 1938 1386 2008 exhibitione

437 2042 551 2128 operia.
588 2042 652 2108 Sed
666 2047 801 2111 affectus
814 2040 993 2109 dilectionis
1015 2041 1118 2128 ipsum
1144 2065 1223 2128 pure
1246 2041 1387 2131 attingit,

439 2143 512 2210 licet
523 2139 632 2230 aliquo
641 2166 733 2213 sensu
742 2143 1154 2229 corporisvelauimae,dum
1166 2145 1386 2232 peregrinatur

438 2268 458 2313 a
479 2244 629 2321 Domino,
645 2259 676 2309 et
692 2267 780 2311 mens
795 2245 876 2313 mole
890 2246 1031 2331 eorporis
1048 2261 1280 2332 pregravatur,
1295 2246 1387 2333 plene

439 2358 576 2433 nequeat
587 2346 829 2433 comprehendi3
845 2361 878 2414 et
892 2362 976 2413 certe
987 2372 1025 2412 eo
1036 2362 1161 2417 amatur
1172 2349 1387 2426 ardentiusot

439 2448 613 2521 studiosius
627 2449 793 2535 quaeritur,
808 2473 875 2535 quo
895 2450 1032 2517 altitudo
1054 2465 1086 2519 et
1100 2452 1294 2521 immensitas
1308 2451 1388 2517 divi.

439 2550 554 2621 riarum
576 2552 728 2633 potentiae
752 2565 784 2619 et
805 2552 968 2637 sapientiae
994 2574 1060 2619 suae
1082 2574 1207 2623 omnem
1233 2568 1388 2641 exuperat

439 2653 651 2727 intellectum:
682 2654 802 2726 virture
826 2669 931 2725 remen
955 2667 1044 2725 tanta
1067 2678 1190 2725 omnem
1212 2670 1389 2727 creaturam

439 2754 599 2836 circumit,
611 2769 769 2843 penetrat,
781 2756 907 2844 implet,
921 2770 953 2823 et
968 2758 1120 2843 protegit,
1135 2772 1173 2825 nt
1187 2782 1389 2847 amnisquam

441 2856 540 2927 tatere
550 2858 654 2922 valeat
665 2859 841 2945 quamlibet
853 2858 1070 2930 rationabilem
1086 2874 1273 2931 ereaturam.
1313 2864 1390 2948 Ipsa

440 2980 571 3044 quoqne
596 2958 825 3031 irrationabilia
846 2961 952 3047 ipsum
982 2982 1059 3039 esse,
1080 2973 1111 3026 et
1130 2961 1231 3031 'talem
1257 2984 1334 3039 esse,
1358 2980 1389 3033 et

441 3072 578 3137 tantum,
594 3062 741 3145 plurimis
754 3061 878 3130 indiciis
900 3075 1126 3147 protestantur·
1174 3063 1261 3133 Miro
1279 3068 1344 3151 itaq
1351 3088 1389 3133 ne

440 3161 537 3229 modo
552 3162 595 3228 sie
605 3163 847 3249 intelligentiam
863 3164 910 3237 sui
922 3165 1075 3242 infundit,
1088 3180 1124 3231 nt
1140 3167 1321 3237 subtrahat:
1345 3166 1389 3237 sio

441 3262 614 3343 subtrahit,
631 3276 667 3332 ut
681 3264 839 3356 infundat,
855 3280 888 3337 et
904 3265 1078 3335 erundum
1102 3289 1280 3337 mensuram
1296 3268 1389 3335 bere·

442 3365 552 3451 placiti
565 3371 614 3435 sui
627 3367 671 3432 sie
681 3381 834 3455 operatur
846 3369 881 3437 in
893 3367 1038 3454 singulis,
1050 3380 1085 3437 nt
1094 3390 1195 3453 quum
1207 3368 1391 3437 intensionis

442 3480 475 3536 et
498 3470 691 3546 remissionis
705 3470 788 3538 vices
808 3471 947 3555 ignoret,
968 3469 1025 3541 etei
1048 3492 1109 3541 non
1132 3492 1190 3555 per
1211 3470 1391 3547 essentiam,

442 3593 510 3654 qua
533 3594 660 3641 omrnm
686 3572 787 3657 replet
815 3571 1015 3647 uniformiter
1040 3584 1226 3651 creaturam,
1249 3572 1322 3659 plna
1343 3572 1394 3641 nel

443 3671 550 3741 minue
564 3671 710 3740 videatur
722 3673 823 3740 inesse
834 3674 1048 3759 pergratiam.
1087 3678 1172 3747 Nam
1183 3698 1240 3769 per
1253 3675 1398 3746 unionem

442 3777 556 3849 incolo
568 3773 732 3859 unigenito
742 3774 874 3860 virginis
885 3776 951 3844 filio
962 3800 1028 3845 esse
1040 3776 1178 3847 fideliter
1188 3778 1394 3863 approbatur.

444 3875 506 3941 Est
519 3875 630 3962 itaque
643 3896 729 3941 nuno
743 3877 836 3962 quasi
851 3877 978 3962 singula
992 3880 1024 3944 in
1043 3876 1177 3961 singulis
1198 3876 1341 3952 iuturus,
1356 3886 1392 3945 nt

443 3975 596 4060 seriptum
622 3988 682 4053 est,
707 3977 813 4042 omnia
837 3980 870 4047 iu
896 3978 1045 4047 omnibus
1069 3976 1186 4045 electis.
1238 3979 1283 4043 Et
1311 3975 1392 4043 sicut

443 4088 560 4143 natura
582 4076 676 4159 ignis,
699 4076 866 4148 collatione
896 4093 1002 4149 tamen
1031 4077 1161 4163 dispari,
1188 4076 1339 4161 quoidam
1365 4077 1394 4146 ei

443 4176 524 4244 nihil
547 4189 652 4262 potest
673 4177 814 4264 pariliter
835 4178 1055 4267 comparari,a
1078 4178 1142 4245 sole
1165 4178 1317 4261 diversos,
1337 4203 1395 4267 pro

328 4355 335 4366 Β
442 4298 612 4364 corporum
637 4276 832 4359 diversitate,
850 4279 999 4367 producit
1024 4278 1173 4347 effectus:
1207 4279 1250 4349 sic
1275 4280 1329 4349 illa
1353 4280 1394 4361 (si
