3425 5367
462 773 504 831 64
722 781 860 827 scaurus
876 781 1154 829 saansaamuusrs
1283 766 1364 846 [mn.
1379 788 1417 834 11.

463 933 578 1000 audeat
588 936 620 997 ?”
643 934 774 1011 Quoties
787 955 866 1017 ergo
876 934 923 996 sol
934 933 967 995 in
979 931 1059 996 coelo
1074 933 1229 1017 geminari
1241 932 1417 1018 videbitur,

462 1035 699 1104 inundationem
716 1057 872 1121 aquarum
889 1035 1051 1121 subjectus
1065 1036 1152 1101 orbis
1167 1049 1339 1124 exspectet.
1368 1042 1414 1103 Et

461 1140 535 1205 licet
550 1162 569 1204 a
583 1138 713 1203 raritate
736 1138 797 1217 sui,
812 1138 973 1201 miraculis
988 1138 1135 1203 videatur
1157 1139 1318 1220 accedere,
1332 1163 1414 1226 opus

462 1256 567 1307 tamen
590 1252 712 1306 naturas
732 1250 791 1314 est,
809 1262 884 1325 quae
903 1238 1033 1325 quidem
1056 1240 1153 1305 solem
1176 1264 1240 1306 nou
1260 1245 1413 1326 geminat,

463 1343 518 1409 sed
540 1343 657 1408 nubem
688 1340 877 1407 simillimam
908 1341 997 1421 facit,
1018 1354 1216 1429 vocaturque
1237 1343 1413 1429 parhelion.

461 1450 523 1513 Est
546 1450 628 1511 enim
644 1443 808 1532 parhelion
824 1443 926 1509 nubes
941 1443 1099 1509 simillima
1114 1445 1183 1523 soli,
1200 1446 1326 1533 siguum
1342 1446 1415 1534 qui-

460 1550 533 1615 dem
550 1571 716 1613 commune
738 1547 859 1625 multis,
875 1546 935 1612 etsi
954 1570 1016 1611 nou
1038 1548 1195 1632 generale.
1242 1549 1411 1635 Siguorum

462 1652 620 1739 siquidem
647 1639 709 1715 alia
733 1649 950 1737 particularia,
973 1648 1036 1712 alia
1066 1648 1266 1714 universalia.
1312 1649 1416 1716 Parti·
1511 1665 1517 1673 '

461 1754 582 1820 cularia
602 1776 678 1817 vero
699 1752 822 1816 faciunt
844 1750 989 1835 singulis,
1011 1750 1202 1816 universalia
1222 1750 1333 1816 multis
1357 1764 1414 1817 aut

462 1856 627 1923 universis.
672 1856 820 1939 Utraque
841 1865 960 1929 autem,
975 1853 1071 1918 modo
1092 1876 1132 1917 ex
1155 1853 1328 1931 elementis,
1350 1853 1415 1919 dis·

462 1958 617 2045 positione
637 1954 797 2031 creatoris,
812 1952 909 2017 modo
928 1975 969 2017 ex
989 1966 1105 2019 natura
1122 1977 1239 2034 rerum,
1257 1954 1354 2019 modo
1373 1978 1413 2022 ex

462 2060 585 2125 malitis
620 2056 815 2132 daemonum,
853 2055 997 2120 homiues
1033 2054 1174 2121 Domino
1210 2056 1414 2143 permittente

462 2160 710 2237 ludificantium,
725 2158 892 2246 provenire
906 2157 1069 2224 dicuntur.
1107 2157 1170 2223 Sed
1186 2182 1272 2245 quse,
1286 2171 1318 2225 et
1334 2182 1415 2245 quo-

461 2263 568 2342 modo,
582 2283 687 2349 quave
701 2259 742 2324 de
761 2282 868 2338 causa,
885 2258 1044 2347 judicium
1061 2259 1192 2345 quidem
1207 2260 1335 2326 difficile
1356 2275 1415 2341 est,

462 2378 494 2431 et
516 2366 700 2452 frequenter
720 2364 888 2436 incertum,
911 2372 943 2424 et
965 2382 1051 2446 saepe
1072 2359 1180 2441 altius,
1195 2384 1290 2448 quam
1313 2374 1349 2428 ut
1372 2362 1413 2427 ab

460 2470 588 2535 homine
603 2465 707 2530 valeat
721 2462 877 2551 expediri.
907 2460 966 2525 Eis
980 2473 1085 2525 tamen
1100 2460 1256 2527 licentiori
1271 2463 1413 2529 vanitate

460 2568 756 2634 mathematicorum
772 2564 884 2631 referti
898 2575 973 2629 sunt
987 2562 1071 2628 libri.
1115 2563 1236 2628 AEneas

564 2686 653 2740 Matre
664 2685 715 2738 dea
726 2688 886 2737 monstrante
896 2682 975 2748 viam,
986 2681 1049 2734 data
1059 2679 1116 2735 fata
1127 2686 1245 2735 secutum

461 2816 493 2857 se
507 2793 632 2868 asserit,
648 2813 686 2854 eo
705 2786 793 2877 quod
813 2787 991 2873 egredienti
1012 2785 1156 2864 Lucifer,
1172 2786 1278 2873 quiet
1294 2788 1411 2867 Venus,

461 2894 561 2959 donec
575 2896 617 2959 ad
633 2891 761 2957 Italiam
777 2890 968 2977 perveniret,
982 2888 1131 2975 apparuit
1146 2888 1334 2977 auspicanti.

566 3006 692 3060 Defectus
703 3006 765 3059 solis
777 3006 870 3069 varios,
880 3004 1000 3071 lunaeque
1011 3003 1123 3067 labores,

460 3133 566 3176 rerum
582 3109 747 3174 eventibus
761 3106 928 3202 curiositas
941 3104 1080 3169 humana
1093 3118 1231 3190 coaptat.

519 3350 599 3435 Cap.
615 3356 645 3414 4.
668 3349 721 3414 De
735 3349 838 3431 siguis
854 3366 930 3429 quae
940 3349 1178 3429 prcecoeseruat
1191 3344 1349 3409 melium

653 3453 986 3533 Hierosolymitcnum
1000 3447 1218 3511 amissimum.

467 3603 469 3611 ’
503 3588 620 3650 Varus
649 3582 747 3647 refert
772 3581 906 3644 historia
922 3578 984 3659 (sic
1005 3578 1092 3643 dicta
1114 3577 1201 3664 quod
1227 3588 1275 3643 est
1298 3590 1410 3643 auctor

460 3686 529 3771 ejus
543 3684 693 3764 incertus,
704 3695 736 3747 et
747 3694 855 3747 vetera
869 3680 982 3765 refert)
995 3679 1084 3767 quod
1095 3680 1279 3745 imminente
1294 3679 1411 3744 Hiero·

461 3786 656 3871 solymorum
677 3782 813 3862 excidio,
828 3782 953 3869 eclipsis
968 3782 1053 3849 lunae
1074 3804 1132 3869 per
1152 3781 1322 3847 duodecim
1336 3804 1410 3847 noc-

459 3902 509 3953 tes
523 3885 689 3951 continuas
700 3884 795 3951 etiam
806 3888 839 3950 in
851 3884 1070 3949 remotissimis
1084 3883 1163 3951 locis
1173 3895 1336 3971 protracta
1349 3895 1410 3962 est,

459 3988 543 4053 forte
573 3987 752 4074 significans
782 3986 929 4052 Judaicae
956 3985 1110 4073 perfidiae,
1138 3997 1171 4051 et
1200 3984 1410 4072 superstitiosi

459 4090 574 4153 erroris
595 4090 798 4171 eversionem,
818 4113 904 4176 quae,
925 4089 1055 4155 Christo
1074 4110 1132 4175 per
1150 4086 1407 4175 praedicationem

460 4189 678 4276 Apostolicsm
702 4191 822 4255 mundo
841 4191 1054 4268 illucescente,
1070 4189 1242 4255 rectissime
1262 4187 1407 4271 contigit.

461 4293 623 4378 Scriptum
639 4307 686 4357 est
697 4292 796 4357 enim:
815 4291 941 4357 Stultus
955 4304 1100 4356 mutatur
1114 4308 1151 4356 ut
1168 4291 1274 4371 Luna,
1285 4290 1410 4376 sapiens

458 4418 534 4460 vero
549 4416 620 4461 cum
633 4393 705 4461 Sole
719 4406 890 4482 permanet.
921 4392 997 4458 Alia
1011 4416 1141 4480 quoque
1152 4414 1250 4479 quum
1262 4390 1412 4480 plurima,
