3425 5367
327 766 396 811 car.
413 748 474 825 1v.]
674 760 929 807 vonvcaamcus.
1237 747 1278 805 25

328 918 448 1001 quippe
486 916 635 980 Chironis
670 915 864 993 habuerunt,
892 913 978 977 unde
1006 913 1078 976 haec
1109 912 1277 979 discerent.

327 1017 440 1080 Caveri
468 1036 608 1097 namque
632 1014 787 1099 jubentur
814 1014 963 1095 convivia
991 1012 1234 1092 Centaurorum,
1259 1037 1280 1078 a

324 1118 445 1202 quibus
473 1117 543 1181 sine
572 1116 721 1180 cicatrice
753 1136 848 1179 nemo
882 1114 1058 1178 revertitur.
1118 1116 1215 1188 Quod
1250 1118 1279 1181 si

327 1217 478 1291 historiis,
491 1237 572 1300 quas
582 1215 649 1279 suis
664 1225 768 1298 poetae
781 1215 1003 1279 decoloravere
1013 1214 1186 1296 figmentis,
1196 1215 1279 1281 fides

327 1317 537 1381 subtrabitur:
567 1316 615 1379 illi
629 1316 739 1399 utique
754 1315 842 1379 credi
856 1335 989 1378 necesse
1007 1325 1066 1393 est,
1081 1336 1153 1400 quae
1175 1336 1218 1379 ex
1240 1337 1279 1379 eo

327 1416 416 1500 quod
426 1416 546 1499 scripta
555 1425 605 1479 eat
616 1416 680 1477 Dei
691 1414 802 1496 digito,
812 1414 1063 1497 irrefragabilem
1073 1415 1159 1499 apud
1168 1437 1280 1480 omnes

327 1526 440 1597 gentes
454 1516 565 1579 sortita
578 1530 629 1579 est
643 1516 876 1579 auctoritatem.
920 1516 1046 1579 Primus
1061 1536 1136 1597 ergo
1151 1516 1280 1600 ponitur

328 1616 484 1679 Nemroth
506 1617 655 1678 robustus
678 1624 808 1677 venator
830 1625 941 1678 contre
964 1616 1150 1678 Dominum.
1191 1618 1280 1681 Eum

327 1718 500 1800 reprobum
515 1716 614 1779 fuisse
636 1736 703 1778 non
725 1714 872 1797 ambigis,
886 1736 981 1799 quem
1004 1716 1148 1779 omnium
1170 1716 1279 1781 docto·

328 1840 397 1881 rum
413 1816 506 1880 turba
527 1816 730 1881 condemnat.
775 1817 925 1881 Traditur
946 1818 999 1881 hic
1020 1818 1056 1880 in
1077 1826 1196 1881 tantam
1218 1820 1281 1883 ela-

327 1919 424 1982 tionis
446 1918 590 2002 erupisse
611 1919 804 1997 vecordiam,
826 1930 945 1982 utnon
966 1928 1128 1982 vereretur
1143 1919 1218 2003 jura
1235 1930 1281 1986 te-

327 2042 447 2085 merare
458 2031 590 2101 naturae,
599 2041 697 2104 quum
709 2030 875 2085 consortes
886 2020 1091 2095 conditionis,
1101 2031 1134 2085 et
1143 2024 1280 2105 generis,

329 2144 409 2208 quos
431 2123 588 2205 ingenuos
602 2122 658 2185 illa
680 2132 850 2201 creaverat,
866 2123 919 2186 hic
942 2121 1106 2187 addiceret
1127 2124 1279 2189 servituti.

328 2222 522 2307 Tyrannidis
536 2244 611 2305 ergo
626 2224 787 2305 fastigium
801 2224 835 2287 in
852 2224 1079 2287 contumeliam
1096 2226 1246 2289 creatoris
1259 2248 1281 2291 a

328 2334 479 2387 venatore
493 2324 662 2406 incipiens,
673 2325 770 2388 alium
781 2344 849 2387 non
863 2324 987 2387 invenit
1001 2333 1173 2402 auctorem,
1184 2346 1279 2409 quam

329 2446 403 2488 eum
428 2425 484 2509 qui
509 2424 542 2486 iu
568 2423 657 2488 caede
682 2424 828 2502 ferarum,
854 2434 888 2487 et
912 2425 1079 2489 volutabro
1105 2427 1281 2507 sanguinis,

330 2527 464 2589 Domini
479 2536 696 2609 contemptum
712 2525 888 2589 didicisset.
933 2524 1044 2607 Coepit
1057 2525 1144 2589 enim
1165 2538 1281 2609 potens

329 2648 400 2691 esse
415 2628 449 2690 in
471 2639 562 2690 terra.
607 2626 823 2709 Sicnamque
846 2626 1089 2708 scriptumest:
1120 2628 1172 2689 Eo
1195 2626 1282 2711 quod

329 2748 396 2791 non
409 2726 636 2811 expectaverit,
652 2734 687 2787 ut
701 2726 864 2805 acciperet
878 2746 898 2787 a
921 2721 1062 2787 Domino
1084 2735 1281 2807 potestatem.

331 2827 532 2909 Principium
552 2825 642 2905 regni
664 2824 733 2906 ejus
758 2824 921 2905 Babylon,
943 2824 1153 2907 dilatatumque
1178 2828 1283 2891 estin

330 2942 444 2993 terram
457 2928 611 3001 Sennaar,
622 2926 677 2988 ubi
693 2946 793 3008 quum
809 2934 877 2989 tota
891 2936 974 2989 terra
988 2938 1071 2990 esset
1086 2926 1180 2991 unius
1193 2930 1283 3009 labii,

330 3027 567 3109 eorumdemque
589 3046 780 3102 sermonum,
794 3026 828 3089 in
852 3027 970 3091 coelum
993 3040 1101 3093 erecta
1117 3037 1167 3093 est
1188 3031 1282 3095 turris

331 3130 446 3205 Babel,
470 3128 594 3191 habens
619 3126 734 3190 lateres
763 3147 821 3209 pro
850 3127 1025 3211 lapidibus,
1049 3129 1195 3193 bitumen
1223 3154 1281 3215 pro

331 3241 500 3306 coemento,
514 3249 580 3291 non
601 3228 725 3291 habeus
738 3225 772 3291 in
788 3228 999 3293 fundamento
1019 3241 1140 3313 petram
1150 3255 1160 3307 ;
1189 3233 1281 3317 eujus

330 3330 484 3413 singulari
503 3327 663 3393 soliditate
687 3338 817 3406 structa,
832 3330 937 3391 omnis
960 3329 1132 3392 aedificatio
1154 3332 1189 3393 in
1212 3335 1282 3396 Do-

330 3434 418 3497 mino
433 3430 637 3496 convalescit.
684 3430 727 3493 At
747 3429 895 3513 improba
916 3430 1074 3493 temeritas
1096 3432 1138 3493 ab
1161 3432 1282 3499 unitate

330 3531 475 3614 precisa,
488 3530 666 3611 linguarum
689 3526 827 3591 succidit
848 3527 1013 3606 unitatem,
1028 3539 1061 3593 et
1081 3530 1185 3612 prima
1206 3552 1283 3597 con·

330 3631 487 3697 maionem
502 3630 627 3708 meruit,
641 3650 712 3715 qun
728 3630 761 3692 in
777 3650 812 3693 se
828 3650 924 3714 quam
938 3630 973 3693 in
995 3630 1068 3695 Deo
1083 3633 1196 3696 maluit
1214 3635 1281 3716 glo·

331 3732 411 3795 riari.
465 3730 577 3795 Exivit
605 3730 647 3793 ab
673 3731 736 3793 hoc
765 3730 981 3814 proverbium,
1003 3732 1103 3805 Quasi
1126 3734 1283 3799 Nemroth

331 3834 480 3897 robustus
504 3840 634 3895 venator
659 3851 767 3895 coram
793 3830 948 3907 Domino,
971 3830 1053 3894 forte
1083 3832 1160 3913 quia
1185 3843 1282 3901 unte

332 3932 481 3999 elationis
500 3933 535 3995 in
557 3952 590 3995 se
617 3930 734 4007 extitit,
748 3940 785 3993 ut
808 3950 869 3995 nec
892 3930 1030 3993 recentis
1050 3951 1148 4013 poeua
1170 3931 1284 3999 diluvii

333 4046 443 4118 posset
463 4034 585 4111 instrui,
607 4034 685 4115 quin
708 4036 742 4096 in
763 4031 867 4095 oculis
888 4030 1021 4094 Domini
1043 4033 1231 4115 superbiret,
1251 4046 1285 4101 et

333 4136 522 4221 obsequium
538 4134 625 4218 quod
648 4135 688 4199 ab
711 4133 841 4197 bomine
856 4131 998 4196 Domino
1020 4130 1207 4211 debebatur,
1221 4135 1283 4199 sibi

334 4236 562 4303 contumaciter
573 4246 755 4317 usurparet;
780 4252 879 4315 quum
891 4242 1015 4295 constet
1026 4231 1114 4313 quod
1125 4233 1283 4297 conlusio·

335 4358 408 4403 nem
431 4337 608 4419 linguarum
632 4335 786 4399 diluvium
808 4332 991 4399 antecessit.
1035 4332 1195 4413 Babylon,
1213 4332 1283 4413 qui·
