3425 5367
443 755 505 814 166
703 768 839 814 scaurus
855 764 1137 812 smnsnaurausrs
1251 745 1332 826 [nra.
1349 763 1404 810 ur.

446 1017 525 1103 Cap.
540 1021 571 1084 3.
597 1019 690 1095 Quod
698 1019 851 1103 superbio
862 1018 961 1084 radia
974 1023 1022 1082 cot
1031 1018 1174 1080 omnium
1189 1019 1358 1095 malorum,
1369 1026 1403 1082 et

480 1124 737 1206 concupiscentia
752 1123 842 1205 lepra
854 1122 1112 1204 generatioque
1126 1138 1236 1184 omaso
1248 1120 1370 1202 inficit.

493 1276 665 1343 Soranum
680 1298 755 1341 vero
777 1275 868 1340 radix
889 1274 1034 1340 omnium
1055 1273 1213 1341 malornm
1235 1284 1295 1352 est,
1316 1295 1405 1338 mor-

446 1379 550 1468 tisque
579 1378 768 1446 fomentum.
821 1379 983 1444 Arescnnt
1008 1377 1112 1457 rivuli,
1142 1377 1170 1443 si
1198 1377 1294 1442 fontis
1321 1399 1406 1446 vena

447 1479 642 1567 praeciditur.
687 1479 759 1546 Nec
779 1480 861 1545 rami
883 1478 1119 1557 convalescunt,
1142 1477 1248 1544 radico
1271 1477 1406 1546 succisa.

449 1581 615 1647 Deficiunt
639 1579 727 1666 vitia,
752 1581 778 1646 si
803 1581 900 1646 elatio
919 1580 1097 1668 jugulatur.
1144 1583 1190 1646 At
1214 1580 1241 1645 si
1265 1591 1405 1646 stercora

449 1682 547 1750 radici
573 1694 796 1768 congerantur,
824 1682 1039 1770 pinguescunt
1068 1681 1160 1759 rami,
1186 1693 1220 1746 et
1244 1680 1405 1746 arentium

448 1785 595 1851 sterilitas
618 1784 800 1851 resilvescit.
845 1785 880 1849 Si
902 1783 982 1849 fonti
1006 1783 1163 1871 liquentia
1184 1783 1405 1870 superfundas,

449 1887 588 1954 accessio
601 1886 714 1952 transit
728 1887 761 1952 in
777 1886 904 1953 rivulos.
949 1886 986 1955 Si
1000 1887 1127 1952 camino
1140 1887 1249 1972 ignem
1265 1885 1406 1973 adjicias,

450 1991 483 2056 in
494 1991 582 2076 ligna
596 1989 781 2054 incendium
793 1988 997 2059 recrudescit.
1039 1989 1093 2054 Sic
1107 1989 1134 2055 si
1148 1989 1269 2055 vitiatae
1283 2000 1409 2054 naturae

451 2092 597 2158 elationis
625 2093 745 2157 innatae
777 2091 918 2157 toxicum
949 2090 1065 2170 loreas,
1095 2091 1174 2180 quin
1203 2091 1311 2158 vitalia
1338 2092 1409 2178 ipsa

452 2195 652 2260 mortiferum
667 2194 753 2260 virus
772 2195 904 2269 inficiat,
921 2217 982 2260 nec
999 2195 1026 2260 si
1046 2195 1193 2274 volueris,
1208 2195 1326 2283 poteris
1347 2195 1408 2259 im·

453 2298 575 2386 pedire.
620 2297 679 2364 Est
693 2298 780 2364 enim
800 2299 951 2366 omnibus
964 2322 1029 2364 non
1049 2311 1117 2365 tam
1132 2312 1296 2385 cognatus,
1310 2321 1407 2386 quam

452 2403 581 2467 innatus
602 2423 692 2468 amor
714 2403 772 2470 sui.
818 2402 882 2482 Qui
902 2402 929 2470 si
951 2403 1083 2469 modum
1104 2403 1284 2480 excesserit,
1305 2401 1407 2488 vergit

454 2503 495 2570 ad
510 2503 649 2590 culpam.
687 2503 803 2570 Omnis
817 2503 906 2569 enim
921 2504 1020 2571 virtus
1035 2504 1099 2570 suis
1113 2504 1231 2570 linibus
1244 2504 1409 2582 limitatur,

455 2619 488 2673 et
502 2607 537 2670 in
551 2605 648 2674 modo
663 2605 816 2677 consistit.
848 2607 886 2672 Si
899 2609 1080 2688 excesseris,
1091 2608 1124 2672 in
1140 2607 1228 2674 invio
1242 2631 1287 2687 es,
1298 2618 1331 2674 et
1345 2629 1410 2674 non

455 2709 489 2776 in
505 2707 566 2777 ria
595 2707 630 2776 Si
645 2730 736 2774 amor
754 2707 807 2774 hic
828 2707 1009 2790 invaluerit,
1024 2731 1121 2777 nemo
1141 2721 1247 2796 speret
1260 2710 1302 2775 de
1323 2732 1410 2778 cura.

458 2813 567 2900 Lepra
592 2810 751 2900 siquidem
777 2820 836 2888 est,
863 2810 1070 2880 incurabilior
1098 2811 1187 2876 omni
1212 2811 1308 2898 lepra
1357 2813 1412 2879 An

459 2913 562 2980 nescis
581 2911 875 3000 concupiscentiam
892 2913 1015 3000 lepram
1031 2912 1123 2978 esse?
1153 2913 1248 2980 Giezi
1266 2911 1414 2994 consulc;

462 3015 497 3086 Si
525 3013 691 3081 erubuerit
719 3011 864 3084 confiteri
900 3013 986 3099 quod
1016 3013 1123 3097 sentit,
1151 3014 1304 3080 convince
1337 3035 1413 3079 eum

458 3115 586 3196 macula
600 3115 748 3200 corporis.
796 3114 956 3202 Sedquid
973 3115 1046 3182 dico
1062 3116 1155 3181 Gieai
1171 3117 1413 3196 consulendum,

459 3239 497 3286 ac
516 3217 548 3295 si,
561 3215 645 3282 solus
667 3214 728 3284 sit?
759 3215 883 3286 Orbem
907 3215 1052 3294 conveni,
1074 3215 1150 3303 quia
1168 3226 1253 3284 totus
1277 3217 1416 3287 inlectus

460 3330 518 3388 cst.
564 3319 729 3408 Meipsum
750 3319 926 3406 iuterroga3
952 3319 1008 3409 qui
1027 3319 1215 3386 miserorum
1235 3340 1318 3384 unus
1332 3342 1417 3389 sum.

462 3425 560 3494 Certe
582 3423 840 3512 coucupiscentia
858 3425 975 3489 misera
988 3433 1021 3487 et
1042 3420 1232 3486 miserabilis
1252 3420 1342 3508 lepra
1356 3434 1416 3494 est.

464 3526 576 3599 Nescis
600 3526 680 3592 torte
707 3523 784 3612 quid
809 3523 926 3588 dicam.
979 3520 1255 3608 Concupiscentioe
1279 3534 1417 3609 pestem,

461 3626 587 3690 nescius
606 3623 800 3691 infirmitatis
821 3623 958 3710 ignoras,
974 3623 1070 3688 homo
1091 3645 1156 3688 non
1176 3627 1414 3714 concupiscens,

462 3737 496 3790 et
510 3724 544 3788 iu
560 3745 598 3788 eo
613 3745 708 3808 supra
727 3722 893 3791 hominem
912 3724 1120 3808 constitutus3
1145 3727 1206 3792 sed
1221 3729 1312 3794 testis
1323 3752 1417 3797 meus

463 3825 498 3890 in
520 3824 601 3894 coelo
622 3824 736 3909 fidelis,
753 3847 881 3891 mecum
903 3828 1025 3907 asserit,
1047 3829 1126 3917 quia
1145 3851 1257 3898 omnes
1277 3832 1417 3920 corrupti

464 3939 549 4006 sunt,
572 3939 606 3992 et
626 3927 856 3994 abominabiles
883 3929 1065 4013 saccinum,
1088 3955 1152 4003 non
1174 3946 1224 4000 est
1244 3936 1301 4022 qui
1321 3935 1418 4003 faciat

464 4029 597 4107 bonum,
618 4051 682 4093 non
704 4041 753 4094 est
775 4031 936 4118 usquead
956 4054 1066 4100 unum.
1113 4036 1166 4099 An
1186 4046 1223 4100 tu
1244 4035 1285 4100 sis
1300 4035 1365 4115 ille,
1380 4047 1417 4102 tu

466 4131 591 4196 rideris.
632 4131 705 4195 Scio
720 4131 807 4196 enim
820 4155 885 4197 non
901 4156 968 4199 esse
983 4135 1070 4201 hunc
1086 4137 1237 4218 Paulum,
1252 4137 1307 4224 qui
1322 4137 1417 4224 hujus

466 4231 563 4319 pestis
574 4231 703 4300 incursu
714 4233 841 4316 clamat,
850 4246 884 4298 et
894 4235 1088 4320 ingemiscit:
1113 4237 1418 4323 Infelixegohomm

467 4340 538 4422 quis
554 4357 605 4402 me
621 4335 770 4403 liberabit
785 4337 825 4417 de
840 4359 971 4424 corpore
986 4341 1096 4406 mortis
1110 4340 1225 4424 hujus?
1248 4341 1320 4407 Scio
1334 4340 1421 4407 hunc
