3425 5367
308 688 378 734 cau.
395 671 449 751 rs]
651 693 907 741 eonrcnmcus.
1220 686 1260 745 tl

309 840 538 906 contemnenda
555 864 652 929 quam
672 844 834 930 fugienda
874 848 1010 912 Certum
1032 846 1190 933 siquidem
1205 860 1266 929 est,

307 940 395 1026 quod
412 941 619 1028 diligentibus
627 948 734 1009 Deum
746 945 852 1010 omnia
862 960 1075 1033 cooperantur
1086 948 1119 1011 in
1131 948 1264 1013 bonum.

306 1042 455 1109 Iniideles
474 1057 582 1111 autem
607 1058 639 1112 et
660 1047 823 1133 reprobos,
836 1060 893 1113 aut
912 1049 1009 1114 etiam
1028 1050 1212 1115 hesitantes
1230 1050 1265 1113 in

305 1143 380 1221 lide,
394 1145 505 1211 multis
519 1147 677 1232 permittit
693 1151 782 1214 Deus
802 1148 1076 1215 ludificationibus
1090 1151 1265 1237 subjacere.

306 1245 423 1314 Omina
433 1261 540 1313 tamen
554 1251 662 1313 omnia
672 1262 798 1315 tantum
814 1264 960 1335 possunt,
970 1266 1129 1338 quantum
1144 1253 1266 1339 excipi-

306 1350 390 1412 entis
403 1346 484 1412 fides
497 1348 667 1435 permittit.
704 1350 802 1413 Unde
816 1364 849 1415 et
863 1350 975 1415 Julius
986 1354 1095 1418 caesar
1109 1352 1200 1417 nullo
1209 1376 1265 1419 au·

306 1448 413 1531 gurio,
434 1448 564 1511 nullave
593 1449 830 1533 superstitione,
853 1474 873 1514 a
901 1474 1096 1538 quocunque
1124 1453 1267 1539 ineoepto

308 1549 416 1633 potuit
427 1549 607 1613 absterreri.
634 1551 781 1635 Contigit
792 1550 875 1615 enim
885 1565 922 1616 ut
932 1552 1127 1638 quaudoque
1136 1554 1170 1616 in
1183 1554 1269 1618 Atri-

311 1672 381 1715 cam
394 1649 524 1733 navigio
535 1649 737 1736 proficiscens
748 1651 780 1715 iu
791 1674 919 1737 egressu
930 1653 1020 1716 navis
1031 1653 1267 1739 prolaberetur:

309 1748 815 1839 veracitaqueadmeliusomine3
840 1754 953 1817 Teneo
964 1754 1267 1841 te,inquit‚Africa:

309 1875 444 1941 eamque
457 1852 609 1919 obtinuit.
654 1856 815 1920 Praeterea
830 1854 1030 1940 Calpburnia
1052 1880 1134 1921 uxor
1147 1858 1218 1943 ejus
1231 1881 1269 1922 ea

310 1969 413 2035 nocte,
437 1977 534 2042 quam
559 1954 588 2019 is
612 1955 645 2019 in
670 1968 755 2019 terra
779 1955 925 2021 ultimam
948 1958 1061 2041 gessit,
1087 1958 1168 2023 vidit
1193 1982 1267 2024 eum

308 2056 418 2123 multis
452 2056 637 2123 vulneribus
671 2057 852 2123 coniectum
886 2057 920 2122 in
956 2059 1027 2124 sinu
1058 2083 1119 2125 suo
1148 2061 1266 2146 jacere,

309 2181 489 2245 rogansque
515 2172 552 2223 ut
577 2159 630 2225 die
656 2162 800 2246 sequenti
828 2160 963 2224 scuria
990 2161 1177 2241 abstineret,
1202 2184 1267 2227 non

310 2262 460 2342 obtinuit,
474 2284 514 2325 ne
528 2260 582 2326 ille
597 2262 629 2327 in
645 2264 712 2327 vita
727 2285 785 2327 sua
799 2262 924 2349 aliquid
947 2263 1108 2342 timidum,
1122 2287 1267 2350 quoeun-

311 2387 371 2451 que
385 2361 528 2450 auspicio
547 2364 649 2451 egisse
668 2364 842 2429 videretur.
882 2365 923 2429 In
942 2365 1068 2430 excidio
1084 2366 1267 2431 Massilien-

311 2466 406 2547 sium,
416 2466 526 2531 lncum
537 2466 595 2553 qui
607 2465 668 2531 diis
679 2478 822 2531 sacratus
833 2466 1025 2543 habebatur,
1035 2466 1159 2552 primus
1169 2490 1268 2532 ausus

311 2578 359 2631 est
374 2566 505 2643 credere,
518 2567 657 2653 probans
672 2588 706 2629 se
720 2566 762 2629 ab
775 2566 864 2629 omni
880 2568 1108 2651 superstitione
1116 2568 1268 2631 alienum.

311 2672 431 2735 Beatus
446 2690 578 2754 quoque
599 2670 731 2731 Marcus
750 2666 991 2747 evangelizandi
1015 2690 1114 2733 causa
1128 2668 1271 2731 Alexan·

312 2770 414 2835 driam
430 2764 642 2856 proficiscens,
653 2787 755 2851 quum
771 2788 883 2829 navem
895 2788 1040 2851 egressus
1054 2768 1192 2853 rupisset
1206 2768 1269 2832 cal·

312 2893 415 2948 ceum,
431 2870 551 2956 gratiss
565 2890 673 2954 agens,
682 2870 744 2933 iter
758 2889 853 2931 suum
869 2866 1056 2953 expeditum
1067 2891 1134 2934 esse
1148 2881 1271 2956 protes·

314 2986 404 3040 tatus
424 2984 485 3037 est.
522 2969 555 3035 Si
574 2971 650 3057 quis
668 2980 838 3033 revocatur
860 2967 1121 3044 intereundum,
1142 2991 1206 3035 non
1227 2970 1271 3036 ob

314 3075 387 3154 hcc,
413 3072 543 3161 siquid
569 3072 602 3137 in
630 3071 757 3137 nomine
783 3070 916 3135 Domini
939 3071 1047 3137 fuerat
1074 3070 1270 3151 inchoatum,

314 3177 549 3265 praetermittat,
576 3174 637 3239 nisi
666 3174 749 3239 forte
776 3195 903 3239 omnem
932 3176 1167 3239 revocationem
1191 3173 1272 3239 cmi·

316 3301 422 3343 nosam
445 3300 515 3343 esse
536 3280 621 3342 corvi
642 3274 855 3363 persuadetur
885 3274 1047 3359 exemplo,
1072 3275 1130 3360 qui
1157 3274 1272 3341 coloris

315 3381 419 3447 amisit
434 3392 646 3455 venustatem,
661 3378 738 3443 dum
754 3389 923 3441 revocatus
936 3398 956 3438 a
969 3375 1107 3452 cornice,
1119 3376 1271 3462 progredi

316 3481 429 3547 maluit
451 3502 546 3568 quam
569 3502 707 3546 manere.
746 3477 809 3543 His
829 3499 906 3541 vero
920 3499 1010 3541 meus
1031 3476 1128 3564 nugis
1141 3476 1272 3543 incauta

317 3584 491 3665 seducitur,
504 3583 559 3649 sed
575 3581 680 3647 fidelis
694 3601 897 3669 nequaquam
914 3580 1098 3668 acquiescit.

375 3858 456 3943 Cap.
472 3862 502 3921 2.
526 3854 785 3921 Contemnendas
799 3874 862 3919 non
876 3875 942 3919 erse
954 3826 1086 3918 eruntne
1100 3875 1210 3919 rerum

364 3958 369 3969 '
554 3959 759 4023 naturalium
774 3958 1034 4041 significationes.

363 4094 440 4159 Nou
452 4106 570 4169 tamen,
582 4092 654 4157 lieet
664 4090 771 4156 omnia
781 4113 864 4156 vana
873 4114 951 4172 esse,
961 4091 1124 4179 iidemque
1131 4091 1274 4177 auguriis

321 4217 457 4261 asseram
468 4217 532 4261 non
544 4192 735 4271 habendam,
746 4193 820 4257 ideo
833 4193 1010 4278 signorum,
1021 4216 1096 4280 quas
1107 4214 1127 4256 a
1140 4191 1275 4275 disposi-

322 4300 408 4362 tione
422 4296 530 4363 divine
544 4297 585 4362 ad
601 4294 808 4361 erudiendam
828 4307 1008 4359 creaturam
1023 4314 1170 4359 concessa
1187 4300 1274 4364 sunt,
