3425 5367
337 768 407 813 car.
424 753 488 828 tra]
505 806 513 817 .
696 765 950 811 rourcanrrous.
1225 755 1286 813 29⁷

338 918 537 1004 Philosophia
553 916 666 1004 placet,
679 915 842 1001 sapientia,
859 936 965 979 rerum
981 914 1159 979 divinarum
1176 917 1287 983 huma·

336 1042 514 1107 carumque
529 1019 685 1105 princeps,
698 1030 732 1082 et
745 1017 958 1101 gerendorum
974 1016 1287 1107 omittendorumque

336 1122 477 1189 scientia.
530 1122 617 1187 Huic
643 1144 719 1186 vero
747 1120 891 1185 insistere
922 1119 1135 1207 philosophari
1164 1133 1222 1199 eet,
1249 1146 1289 1188 eo

335 1226 423 1313 quod
447 1224 651 1311 Philosophia
676 1223 716 1288 sit
741 1224 883 1288 studium
909 1223 1083 1309 sapientiae.
1140 1224 1187 1289 Ut
1212 1248 1288 1311 ergo

335 1328 476 1416 antiquis
508 1326 639 1413 placuit,
669 1326 710 1391 ad
743 1326 860 1391 ostium
898 1326 1062 1412 sapientias
1091 1326 1289 1415 philosophia

334 1429 451 1515 pulsat,
465 1442 499 1494 et
520 1451 621 1516 quum
641 1428 671 1492 ei
687 1439 834 1514 apertum
849 1427 956 1505 luerit,
972 1428 1080 1493 anima
1095 1451 1200 1495 rerum
1215 1432 1288 1498 luce

334 1532 472 1596 dulciter
507 1530 673 1606 illustrata,
711 1552 827 1594 nomen
869 1528 1082 1616 Philosophiae
1119 1534 1288 1600 evanescit.

336 1636 415 1716 Aut,
434 1634 516 1699 sicut
538 1632 821 1720 perspicacioribus
839 1632 943 1696 visum
966 1644 1025 1713 est,
1039 1632 1211 1700 voluntatis
1232 1659 1288 1723 ap-

338 1737 458 1823 petitus
474 1738 636 1823 impletur,
650 1758 750 1825 quum
773 1736 832 1801 flos
853 1736 950 1801 studii
965 1736 1068 1821 vergit
1088 1736 1122 1801 in
1137 1737 1287 1807 lructum.

340 1838 425 1903 Nam
454 1839 663 1927 philosophiae
692 1840 774 1921 linis,
802 1837 958 1925 sapientia
983 1852 1039 1904 est.
1088 1838 1154 1904 Sed
1182 1840 1289 1907 nescio

336 1962 476 2028 quonam
505 1954 599 2028 pacto
626 1942 696 2029 jam
726 1962 890 2007 versamur
918 1939 951 2005 in
981 1940 1045 2005 fine
1075 1940 1170 2024 illius,
1198 1944 1289 2029 cujus

335 2042 462 2108 initium
483 2044 625 2109 nondum
646 2044 844 2130 agnovimus,
865 2042 952 2131 quod
971 2042 1005 2107 in
1027 2044 1121 2109 rebus
1140 2046 1289 2113 omnibus

336 2146 555 2231 potentissima
582 2169 654 2233 pars
682 2169 751 2212 esse
781 2156 937 2213 censetur.
983 2144 1203 2211 Veruntamen
1233 2149 1289 2237 qui

334 2248 433 2313 finem
456 2250 555 2327 novit,
570 2249 696 2315 initium
712 2249 859 2335 ignorare
875 2270 938 2314 non
956 2260 1069 2335 potest,
1082 2272 1183 2337 quum
1199 2252 1289 2317 radix

335 2350 429 2434 initii,
443 2374 502 2437 per
515 2352 709 2437 multiplices
720 2350 845 2417 virtutis
859 2351 1012 2429 tramites,
1029 2374 1129 2439 usque
1144 2354 1186 2417 ad
1201 2376 1289 2420 coro·

335 2472 412 2515 nam
441 2450 525 2527 linis,
554 2450 740 2538 fructusque
773 2449 990 2532 dulcedinem,
1018 2450 1194 2517 vivacitatis
1222 2476 1289 2520 suae

334 2552 494 2617 soliditate
508 2564 716 2639 pertranseat.
750 2552 847 2633 Ecce,
862 2552 967 2640 inquit
981 2552 1093 2619 beatus
1107 2553 1181 2632 Job,
1194 2554 1290 2623 timor

337 2654 470 2719 Domini
484 2654 553 2742 ipsa
567 2666 616 2721 est
636 2655 801 2742 sapientia,
817 2666 851 2719 et
871 2654 1021 2719 recedere
1036 2678 1056 2720 a
1070 2656 1156 2722 malo
1170 2656 1289 2723 intelli·

334 2757 454 2842 gentia.
500 2755 608 2822 Aliam
623 2778 698 2821 vero
720 2756 861 2821 radicem
881 2755 1046 2842 sapientire
1061 2779 1220 2845 nusquam
1240 2760 1290 2824 in·

334 2858 438 2937 venio,
454 2881 555 2947 quum
579 2861 613 2923 in
632 2881 671 2923 eo
693 2858 894 2924 consentiant
919 2880 1040 2938 omnes,
1056 2861 1143 2948 quod
1160 2861 1288 2928 initium

337 2960 502 3048 sapientire
517 2961 614 3027 timor
636 2961 779 3029 Domini.
823 2961 936 3029 Timor
957 2984 1034 3048 ergo
1053 2962 1191 3044 initium,
1207 2976 1241 3031 et
1254 2966 1289 3031 in

336 3065 451 3130 timore
476 3086 641 3152 processus
666 3076 724 3143 est,
748 3077 783 3131 et
804 3064 949 3131 omnium
972 3066 1125 3133 virtutum
1149 3069 1288 3153 culmen,

335 3167 402 3233 sive
417 3168 496 3233 illud
513 3169 689 3250 caritatem,
698 3170 763 3235 sire
778 3170 968 3257 sapientiam
982 3170 1080 3253 dicas,
1095 3194 1158 3238 non
1173 3194 1290 3261 usque·

335 3296 463 3362 quaque
492 3272 635 3339 alienum
660 3284 710 3338 est
734 3296 754 3339 a
782 3273 909 3339 timore.
964 3276 996 3339 A
1024 3274 1114 3339 filiali
1141 3277 1288 3342 servilem

334 3375 459 3440 divide:
490 3374 523 3439 in
549 3374 611 3440 hoo
635 3374 775 3451 initium,
802 3375 836 3439 in
861 3374 917 3439 illo
941 3375 1107 3461 sapientise
1132 3377 1288 3443 constitue

335 3478 524 3564 prolectam,
533 3489 568 3543 et
578 3476 694 3543 exinde
703 3477 943 3565 perlectionem.
975 3478 1178 3567 Quocunque
1193 3480 1289 3546 modo

334 3602 368 3645 se
382 3580 476 3646 luxus
490 3582 660 3647 verborum
680 3580 822 3659 extollat,
839 3604 950 3647 verum
970 3592 1029 3665 est,
1044 3582 1120 3671 quia
1134 3582 1290 3668 sapientia

334 3682 479 3748 initiatur
502 3683 537 3748 iu
562 3682 688 3761 timore,
713 3694 748 3749 et
772 3683 859 3773 quod
883 3695 1010 3750 sanctus
1036 3684 1133 3750 timor
1156 3685 1290 3751 Domini

336 3796 505 3871 permanet
524 3785 558 3850 in
577 3786 731 3851 saeculum
753 3786 872 3853 saeculi.
925 3786 1041 3853 Manet
1059 3786 1168 3875 itaque
1188 3788 1288 3866 radix,

334 3898 369 3952 et
386 3886 593 3953 incrementis
614 3888 726 3973 gratioe
744 3888 941 3953 invalescens
958 3888 991 3951 in
1013 3909 1118 3953 ramos
1134 3888 1289 3953 virtutum

334 3989 471 4075 prolicit,
480 4001 514 4055 et
524 3991 571 4055 vis
585 3991 655 4077 ejus
669 3990 711 4055 ad
721 3990 861 4055 fructum
872 3989 1023 4077 perlectae
1038 3989 1177 4057 caritatis
1188 4013 1289 4079 usque

337 4092 500 4179 pertingit,
513 4116 588 4181 quse
602 4116 769 4181 poenarum
784 4094 887 4159 nescit
900 4094 1037 4173 aculeos,
1053 4116 1153 4181 quum
1169 4118 1234 4161 non
1249 4096 1290 4161 sit

338 4206 443 4259 metus
468 4196 500 4259 in
527 4196 669 4279 caritate,
691 4196 747 4285 qui
769 4218 897 4283 poenam
921 4197 1028 4274 habet,
1050 4208 1084 4261 et
1105 4198 1146 4262 sit
1169 4198 1290 4263 timoris

339 4296 505 4377 indicium,
527 4298 615 4385 quod
637 4300 721 4363 bona
742 4321 839 4385 opera
855 4298 978 4383 jugiter
998 4298 1085 4380 lacit,
1105 4312 1139 4364 et
1156 4300 1291 4385 justitias

336 4398 503 4463 continens
522 4398 657 4463 eandem
678 4399 897 4485 apprehendit.
945 4396 1055 4465 Metus
1073 4420 1149 4483 ergo
1164 4400 1290 4465 videtur
