3425 5367
304 707 375 755 cnr.
391 686 455 768 xa]
657 698 912 750 ronrcaarrc'us.
1204 692 1263 751 1¹95

307 862 431 926 mittere
452 860 539 945 quod
561 871 710 943 praestare
732 880 796 921 non
818 868 921 941 potes.
968 856 1003 920 Si
1019 857 1103 920 euim
1119 867 1261 941 potestas

307 964 433 1027 affuerit
461 961 627 1043 largiendi,
651 960 714 1025 nisi
747 961 897 1023 voluntas
926 958 1077 1022 beneficii
1106 960 1264 1042 producat

306 1066 470 1140 effectum,
484 1065 658 1148 promissor
674 1085 738 1127 non
755 1063 888 1145 gratiam
907 1060 947 1124 de
966 1062 1135 1143 promiss0,
1150 1060 1207 1125 sed
1223 1062 1263 1126 de

307 1166 648 1230 mandaciocontrahit
668 1166 838 1229 maculam.
880 1163 975 1237 Quod
991 1164 1018 1227 si
1033 1184 1076 1227 ex
1097 1165 1262 1229 intervallo

307 1268 456 1351 promissi
471 1268 569 1332 fidem
583 1268 773 1352 impleverit,
783 1266 985 1330 liberalitatis
1000 1266 1107 1344 dacor,
1118 1280 1151 1331 et
1165 1269 1262 1331 bene·

307 1370 375 1433 ficii
386 1371 513 1453 species
523 1370 595 1453 ipsa
603 1370 756 1447 fuscatur,
769 1389 807 1431 eo
821 1366 909 1450 quod
922 1366 977 1450 qui
993 1368 1126 1445 distulit,
1136 1369 1262 1433 interim

310 1472 398 1535 visus
412 1484 461 1534 est
475 1472 626 1535 noluisse.
671 1470 769 1534 Unde
783 1468 982 1533 versificator
997 1471 1155 1553 egregiae,

414 1587 544 1655 Denigrat
555 1586 675 1640 meritum
686 1586 773 1638 dantis
781 1601 862 1647 mora,
874 1600 936 1636 nam
948 1584 1010 1637 data
1020 1586 1116 1657 raptim

486 1674 607 1736 Munera,
619 1672 678 1745 plus
686 1672 781 1737 landis,
793 1671 902 1743 plusque
914 1668 1009 1723 favoris
1018 1671 1125 1724 habent.

308 1778 464 1843 Praeterea
479 1780 552 1863 quis
574 1780 734 1843 defuturo
755 1790 860 1842 certus
875 1787 935 1855 est,
951 1787 986 1841 ut
1004 1778 1084 1843 sciat
1107 1800 1141 1843 se
1162 1802 1261 1864 quan-

307 1880 414 1965 doque
428 1904 523 1965 posse
534 1883 666 1967 implere
681 1880 768 1966 quod
780 1880 906 1944 differt?
933 1882 1051 1944 Nonne
1063 1883 1265 1947 consiliarius

308 1984 458 2058 veritatis,
465 1982 1110 2065 assertorfidei,electionisvas(doctorem
1122 1986 1265 2064 gentium

305 2088 434 2171 loquor)
450 2085 590 2151 fidelium
610 2088 745 2160 animos,
762 2107 844 2171 quos
865 2085 1021 2150 adventus
1042 2086 1090 2149 sui
1111 2100 1261 2170 expecta·

306 2189 394 2253 tione
417 2190 636 2274 suspenderat,
661 2189 821 2253 frustravit
842 2212 862 2253 a
884 2188 1042 2252 desiderio
1065 2187 1144 2252 suoi
1177 2188 1264 2261 Quid

307 2292 393 2356 aliud
407 2293 473 2374 agit
486 2294 542 2357 illa
552 2293 654 2375 ipsius
668 2293 846 2366 excusatio,
860 2313 923 2376 qua
939 2289 1025 2375 apud
1037 2314 1072 2355 se
1086 2312 1152 2354 nou
1167 2292 1264 2355 fuisse

310 2402 360 2456 est
373 2406 405 2458 et
419 2416 498 2469 non,
513 2393 570 2457 sed
585 2406 634 2457 est
649 2404 770 2457 tanturn
787 2403 1027 2470 commemorat,
1041 2403 1073 2456 et
1088 2393 1263 2457 eeleritate

308 2516 375 2557 non
395 2517 487 2559 nsum
506 2493 720 2579 protestatur?
755 2496 792 2559 Si
815 2516 881 2558 non
904 2494 1009 2579 potuit
1034 2496 1100 2570 ille,
1122 2496 1264 2558 Domino

309 2594 514 2679 impediente,
529 2596 616 2679 quod
637 2596 740 2659 voluit
762 2596 835 2673 (boc
851 2596 937 2659 enim
960 2592 1059 2659 voluit
1081 2596 1168 2679 quod
1191 2616 1263 2679 pro·

309 2697 411 2777 misit)
432 2698 506 2781 quis
520 2698 649 2781 sapiens
669 2718 792 2774 secure,
807 2696 895 2780 quod
915 2718 957 2759 ex
975 2697 1126 2760 facilitate
1142 2708 1263 2760 naturae

308 2798 441 2882 pendet,
452 2800 617 2881 promittit,
630 2820 730 2884 quum
746 2799 855 2863 leviter
868 2799 979 2881 possit,
992 2820 1035 2862 ex
1049 2800 1154 2863 causis
1168 2820 1264 2883 quam

310 2901 455 2983 plurimis
469 2901 638 2985 impediri?
669 2902 721 2965 Ad
737 2900 807 2965 haec
823 2922 865 2964 ex
881 2900 969 2985 justa
985 2922 1083 2965 causa
1096 2910 1203 2985 potest
1216 2902 1265 2963 in-

310 3001 436 3063 terdum
457 3013 579 3065 mutare
599 3003 735 3087 quilibet
753 3004 960 3066 voluntatem.
998 3002 1126 3085 Dignus
1146 3002 1265 3066 etenim

311 3103 472 3167 beneficio
493 3126 551 3188 pro
572 3114 713 3188 ternpore
737 3104 861 3169 videtur
882 3105 1010 3189 aliquis,
1034 3106 1090 3189 qui
1112 3126 1265 3189 processu

309 3227 424 3285 rerum,
446 3204 560 3270 eodem
581 3208 736 3290 reperitur
757 3206 921 3288 indignus.
965 3209 1010 3271 Et
1032 3206 1193 3271 interdum
1216 3206 1265 3268 in·

309 3306 425 3389 dignus
450 3318 507 3380 est,
532 3306 588 3391 qui
612 3306 654 3369 ad
678 3308 800 3389 frugem
822 3308 961 3370 melioris
983 3308 1058 3370 vitae
1081 3327 1264 3382 conversus,

309 3409 503 3472 beneficium
521 3408 640 3472 meritis
661 3410 757 3472 etiam
779 3430 914 3473 amano
934 3416 1097 3485 extranea,
1113 3416 1148 3469 ut
1169 3408 1264 3489 vulgo

310 3508 377 3573 dici
391 3513 481 3583 solet,
496 3521 674 3595 extorquet.
705 3512 745 3575 In
760 3512 812 3575 his
826 3519 949 3573 mutare
960 3509 1158 3593 propositum
1176 3530 1263 3593 saepe

311 3621 450 3674 nonest
478 3612 630 3690 criminis,
656 3613 715 3676 sed
741 3612 876 3676 virtutis.
922 3612 1018 3689 Nam,
1044 3620 1080 3674 ut
1105 3632 1124 3673 a
1148 3610 1265 3675 fabulis

310 3714 494 3791 doceamur,
502 3714 648 3777 Theseus
658 3715 756 3777 unico
768 3713 835 3775 filio
851 3734 910 3777 suo
925 3734 991 3775 non
1003 3713 1115 3777 suisset
1125 3716 1265 3791 orbatus,

311 3815 339 3877 si
353 3814 506 3878 voluisset
520 3826 641 3877 mutare
660 3815 870 3898 propositum.
908 3812 953 3876 Et
970 3813 1115 3876 Phoebus
1132 3823 1264 3895 urgente

312 3916 440 3979 stimulo
463 3914 593 3988 doloris,
610 3936 707 3999 quem
724 3914 764 3977 de
787 3913 975 3976 Phaetontis
994 3914 1086 3975 ruina
1108 3934 1265 3996 concepe-

311 4028 371 4096 rat,
381 4020 457 4083 exul
472 4018 576 4083 acoeli
586 4020 728 4101 regione,
739 4014 867 4080 Admeti
882 4038 947 4079 non
960 4016 1101 4098 pavisset
1113 4026 1263 4092 anuenta,

311 4120 338 4182 si
361 4120 391 4182 ei
414 4132 618 4203 totumquo
641 4143 687 4198 se,
710 4118 819 4202 Stygis
840 4118 1030 4201 interposito
1053 4128 1263 4199 sacramento,

310 4222 378 4284 filio
400 4223 570 4285 ambitioso
593 4224 798 4303 obligaverat,
817 4228 939 4283 mutare
957 4220 1111 4284 licuisset.
1155 4221 1201 4282 Et
1222 4242 1263 4283 ne

312 4323 491 4387 fabularum
519 4324 728 4389 instrumenta
756 4333 953 4401 contemnas,
983 4344 1040 4386 rex
1070 4320 1264 4401 incredulus,

760 4443 782 4486 o
798 4430 818 4486 2
