3425 5367
306 743 376 788 cae.
391 727 455 800 xa]
660 739 914 785 cotronamons.
1196 721 1260 783 255

306 892 506 957 manifestum
523 890 721 968 veneficium,
736 903 768 954 et
789 887 995 976 parricidium
1011 885 1142 952 auderet
1156 888 1258 952 absol-

304 1015 388 1072 vere,
412 993 462 1058 vel
488 993 677 1069 vindictam,
702 1015 777 1078 quae
803 992 837 1054 iu
869 990 996 1076 impios,
1023 1001 1055 1054 et
1086 987 1259 1074 parricidas

303 1111 508 1180 processerat,
518 1095 735 1160 condemnare.
768 1095 850 1159 Rem
867 1094 976 1180 itaque
987 1092 1028 1157 ad
1046 1093 1259 1178 Areopagitas

303 1197 558 1278 Atheniensium,
574 1210 727 1283 tanquam
746 1197 788 1260 ad
806 1195 934 1281 judices
951 1193 1114 1280 graviores
1135 1193 1255 1258 exerci-

299 1298 492 1385 tatioresque
514 1298 632 1384 rejecit.
670 1303 714 1364 At
735 1297 795 1376 illi,
810 1320 906 1362 causa
927 1297 1065 1382 cognita,
1080 1309 1201 1362 actores
1223 1307 1255 1360 et

300 1419 385 1461 ream
402 1398 565 1462 mulierem
581 1398 752 1463 centesimo
767 1419 851 1462 anno
864 1396 972 1461 adesse
982 1397 1158 1482 jusserunt.
1203 1397 1255 1460 Sic

242 1521 246 1528 ·
299 1511 406 1564 autem
433 1521 537 1585 neque
560 1501 761 1576 veneficium,
788 1499 876 1586 quod
902 1499 942 1562 de
970 1498 1041 1583 lege
1066 1519 1127 1561 non
1153 1497 1253 1578 licuit,

299 1599 480 1666 absolutum
502 1613 561 1682 est,
583 1623 688 1687 neque
709 1621 825 1664 nocens
849 1598 963 1685 punita
988 1598 1113 1676 mulier,
1136 1597 1188 1662 cui
1211 1621 1250 1662 cx

299 1700 454 1766 sententia
469 1705 644 1767 multorum
658 1701 752 1765 venia
765 1712 890 1787 poterat
904 1698 1073 1784 indulgeri.
1118 1700 1192 1763 Hoc
1206 1700 1253 1764 ita

296 1802 405 1879 luisse,
421 1825 524 1868 nonus
538 1802 618 1868 liber
633 1801 884 1868 memorabilium
906 1801 1064 1865 dictorum
1082 1799 1130 1864 vel
1149 1800 1249 1864 facto·

296 1926 367 1968 rum
383 1905 502 1970 Valerii
517 1905 655 1970 Maximi
676 1905 778 1970 docet.
824 1905 984 1970 Caeterum
1005 1914 1037 1968 et
1055 1903 1203 1982 Brutum,
1217 1916 1248 1966 et

295 2007 458 2072 mulierem
474 2008 647 2094 deliquisse
661 2007 855 2073 consentiam
871 2006 974 2083 facile,
986 2027 1024 2070 eo
1037 2005 1124 2092 quod
1141 2027 1248 2072 exces-

294 2109 369 2175 serit
383 2109 541 2174 medicina
555 2109 698 2189 modum,

570 2244 730 2313 nimiumque
742 2249 850 2313 sequuta
863 2249 912 2308 est,

394 2328 456 2391 Qua
467 2329 551 2381 morbi
562 2328 661 2382 duxere
673 2345 788 2380 manum.

292 2448 337 2511 Et
360 2445 433 2512 licet
459 2469 576 2532 magna
600 2447 720 2511 fuerint
742 2447 885 2524 crimino,
908 2445 1111 2532 praestantius
1137 2447 1241 2511 fuerat

290 2547 399 2612 eadem
416 2546 482 2610 sine
503 2547 667 2632 punientis
685 2547 816 2612 crimine
834 2547 997 2612 vindicari.
1036 2546 1131 2613 Unde
1148 2559 1179 2611 et
1195 2547 1242 2610 in-

289 2646 450 2712 felicitatis
474 2648 687 2715 testimonium
715 2652 819 2714 Bruto
848 2649 993 2736 perhibet
1024 2649 1117 2714 etism
1149 2661 1242 2736 poeta

284 2749 450 2815 laudator:
474 2749 518 2816 ait
534 2750 616 2814 euim
633 2751 665 2813 iu
683 2763 775 2815 sexto
790 2751 956 2836 Virgilius,

493 2885 629 2953 Notosque
639 2891 713 2956 pater
724 2901 791 2937 nova
801 2883 873 2938 bella
883 2890 1027 2949 moventes,

388 2967 433 3020 Ad
445 2985 550 3039 poenam
561 2969 669 3042 pulchra
679 2987 725 3042 pro
735 2968 856 3023 libertate
868 2971 976 3023 vocabat

389 3053 496 3120 Infelix,
506 3061 637 3124 uteunque
647 3055 733 3110 serent
744 3063 772 3110 et
782 3055 852 3110 sacta
863 3058 984 3110 minores.

284 3174 327 3236 At
341 3171 552 3238 infortunium
569 3174 732 3260 parricidii
752 3175 796 3239 sic
811 3197 904 3240 versu
926 3175 1069 3262 sequenti
1092 3191 1234 3256 excusat,

284 3285 320 3337 ut
336 3271 437 3340 inanis
450 3273 562 3360 glorio
577 3287 692 3360 arguat
707 3275 885 3352 veritatem,
901 3274 1010 3342 dicens

387 3406 485 3460 Vincet
495 3425 568 3462 amor
578 3409 678 3480 patrie,
686 3407 843 3478 laudumque
854 3408 982 3462 immensa
992 3410 1093 3482 cupido.

287 3526 360 3604 Sed,
375 3549 415 3592 ne
426 3527 500 3614 quis
510 3529 626 3594 amodo
639 3531 775 3594 Brutum
787 3529 943 3606 imitetur,
956 3529 1111 3616 populum
1127 3531 1232 3598 liberis

279 3629 591 3714 praelerens,srustra
602 3631 830 3712 sollicitaberis,
842 3653 944 3718 quum
961 3631 1010 3696 vel
1027 3633 1103 3698 vitis
1118 3634 1232 3701 libern-

279 3753 351 3794 rum
379 3730 475 3794 saluti
496 3733 681 3818 reipublicat
705 3734 928 3820 praeferantur,
952 3733 1024 3798 licet
1045 3749 1166 3800 certum
1190 3737 1231 3801 sit

279 3831 366 3917 quod
379 3832 512 3898 salutem
524 3834 635 3921 populi
645 3835 751 3900 liberis
759 3835 907 3900 omnibus
915 3849 1060 3921 oporteat
1070 3837 1230 3902 anteferri.

279 3933 319 3996 ln
334 3933 418 3998 libro
434 3935 561 4020 Regum
577 3937 722 4020 arguitur
738 3939 825 4016 Saul,
836 3936 922 4020 quod
938 3959 1039 4024 quum
1055 3937 1143 4003 sacto
1158 3951 1231 4004 voto

276 4032 317 4097 de
327 4034 442 4101 diurno
451 4038 587 4123 jejunio,
600 4039 661 4102 sub
669 4037 848 4102 discrimine
859 4037 943 4105 illius
952 4039 1009 4126 qui
1020 4053 1095 4106 aute
1105 4053 1229 4106 noctem

275 4148 386 4200 contra
409 4151 520 4203 votum
547 4153 684 4205 sumeret
713 4139 832 4220 cibum,
856 4141 1014 4208 Jonatbas
1043 4141 1128 4208 filius
1158 4145 1228 4231 ejus

275 4237 348 4314 mel,
359 4237 445 4325 quod
457 4258 593 4328 sceptro,
603 4243 637 4306 id
653 4253 710 4322 est,
721 4241 812 4306 hasta
822 4243 983 4326 tetigerat,
994 4257 1229 4330 proegustasset,

273 4352 407 4424 paterno
418 4353 524 4404 motus
535 4341 661 4420 affectu,
672 4355 782 4408 contra
793 4343 954 4428 religionis
966 4357 1074 4408 votum
1087 4347 1228 4432 pepercit
