3425 5367
297 733 367 781 cnr.
382 718 460 799 mn]
637 732 890 783 ronrcurrrcus.
1206 726 1248 783 47

256 968 262 983 ⁸
293 882 515 966 geomantiam,
531 886 712 973 multasque
733 888 850 973 species
871 885 993 950 videbis
1009 908 1048 950 ex
1069 886 1118 951 his
1133 888 1245 973 capiti·

251 980 256 992 ⁸
296 984 357 1048 bus
382 986 550 1071 pullulare,
573 988 639 1051 sive
660 1002 738 1068 arte,
761 992 827 1053 sive
856 989 965 1052 furore
993 988 1148 1073 divinatio
1176 1012 1248 1075 per·

294 1100 427 1170 agatur:
463 1112 598 1173 quarum
626 1090 762 1171 nomina,
784 1090 920 1175 exempli
944 1112 1050 1169 causa,
1072 1090 1122 1153 vel
1145 1112 1247 1176 pauca

295 1188 471 1274 subjiciam.

296 1456 375 1539 Cap.
405 1461 454 1519 12.
490 1460 555 1531 Qut
582 1461 651 1520 sint
678 1460 907 1532 incantatores,
937 1460 1041 1534 orioli,
1068 1461 1245 1540 aruspices,

335 1559 472 1637 physici,
481 1560 637 1635 rultiroli,
651 1560 848 1639 tmaqtnarit,
863 1560 1060 1637 conjectores,
1075 1561 1249 1645 chiroman-

337 1660 406 1731 tici,
425 1660 610 1739 apa-ulmi,
628 1659 855 1733 mathematici,
868 1659 1078 1733 auliaaotoros,
1096 1658 1249 1737 sortilegi,

338 1778 494 1839 megum.

338 1900 594 1963 Incnurnrourts
606 1896 737 1983 quidem
753 1910 838 1979 snut,
849 1897 906 1982 qni
919 1910 1020 1961 artem
1035 1897 1141 1961 verbis
1155 1919 1248 1963 eaer-
1311 1910 1317 1920 ’

295 2010 377 2063 cent.
421 1998 532 2074 Attuli,
561 2000 618 2085 qni
647 2000 734 2063 circa
762 2021 833 2062 aras
862 1998 1015 2063 nefandas
1043 2022 1163 2085 preces,
1191 2014 1248 2064 aut

297 2112 442 2164 execrata
462 2100 614 2165 sacrificia
632 2098 767 2178 faciunt,
787 2100 819 2164 in
844 2123 980 2185 quorum
1001 2101 1178 2166 cervicibus
1199 2114 1247 2165 est

297 2224 409 2267 manus
429 2203 572 2281 Domini,
590 2202 715 2269 dicente
730 2203 905 2290 propheta:
936 2203 1064 2269 Ariolos
1084 2216 1117 2268 et
1138 2224 1248 2287 magos

297 2326 358 2367 uon
374 2303 502 2388 patieris
518 2304 633 2370 vivere.
668 2304 842 2391 Aruspices
857 2316 933 2369 sunt
947 2305 1140 2389 inspectores
1154 2304 1248 2368 hora·

297 2428 378 2481 rum,
408 2407 648 2491 praescribentes
677 2407 755 2493 quid
785 2429 850 2493 qua
879 2405 959 2470 hora
987 2407 1057 2470 fieri
1087 2404 1247 2491 expediat,

296 2530 432 2594 quorum
447 2531 584 2574 errorem
605 2509 769 2574 damnavit
784 2507 959 2594 Apostolus
973 2506 1098 2571 dicensz
1132 2506 1247 2570 Timeo

297 2630 337 2672 ne
351 2610 470 2675 frustra
487 2610 696 2677 laboraverim
714 2611 747 2675 in
768 2610 869 2682 vobis.
885 2608 1062 2673 observatis
1080 2608 1163 2671 enim
1181 2607 1249 2671 dies

297 2723 454 2789 otannos,
469 2724 501 2777 et
516 2735 638 2777 menses
652 2725 684 2777 et
701 2726 855 2798 tempora,
871 2733 974 2797 quum
988 2709 1122 2773 felicitas
1144 2708 1249 2793 operis

297 2834 361 2877 uon
373 2835 393 2875 a
403 2823 558 2898 tempore,
570 2812 625 2876 sed
641 2812 796 2876 auomine
808 2810 940 2877 Domini
952 2810 1067 2875 debeat
1078 2808 1250 2894 expectari.

297 2913 504 2999 Aruspicium
530 2936 659 3001 quoque
684 2916 718 2979 in
748 2927 895 2981 extorum
924 2914 1121 2999 inspectione
1150 2910 1248 2996 viget,

296 3037 394 3103 quam
417 3027 516 3080 artem
534 3018 641 3101 Tages
660 3016 792 3102 quidam
805 3016 923 3083 dicitur
944 3014 1109 3079 invenisse.
1150 3011 1247 3079 Unde

301 3117 470 3181 Lucanus:

302 3292 306 3299 ι
438 3224 524 3278 Fibn's
536 3226 571 3278 sit
582 3225 654 3279 nulla
666 3226 743 3291 fides,
756 3226 802 3281 sed
815 3227 930 3279 moditor
941 3226 1005 3279 artis

402 3311 524 3365 Finxerit
534 3311 587 3362 ista
597 3310 697 3377 Tages.

295 3407 456 3471 Extorum
482 3427 558 3469 vero
583 3406 710 3467 nomine
735 3412 903 3465 censentur
925 3403 1042 3477 omnia,
1064 3422 1138 3485 quoe
1163 3404 1247 3465 cutis

298 3508 501 3573 extremitate
517 3516 681 3591 teguntur.
727 3504 779 3567 Ex
795 3524 862 3589 quo
879 3502 978 3587 liquet
999 3523 1052 3564 eos
1072 3523 1139 3565 esse
1160 3523 1250 3565 arus·

298 3608 395 3695 pices,
421 3610 478 3695 qui
510 3607 723 3673 vaticinantur
748 3606 779 3671 in
806 3605 933 3670 ossibus
961 3603 1157 3685 animalium,
1182 3604 1250 3668 sive

297 3709 474 3795 sanguine?
510 3710 577 3773 sive
602 3709 715 3774 futura
735 3708 966 3795 praenuncient,
990 3706 1055 3772 sire
1080 3707 1251 3793 praesentia

297 3814 517 3897 pronuncient,
530 3812 579 3875 vel
595 3814 766 3898 praeterita.
805 3810 998 3875 vaticinium
1015 3808 1173 3893 siquidem
1189 3820 1249 3883 est,

298 3937 375 4000 quo,
388 3936 462 3978 cum
481 3912 691 3997 intelligentia
713 3912 791 3985 veri,
813 3910 1000 3976 abscondita
1021 3908 1248 3995 proferuntur:

248 4072 251 4081 .
298 4038 398 4101 quum
410 4028 442 4081 et
454 4014 654 4101 prophetiam
667 4035 727 4077 non
741 4011 836 4075 modo
851 4011 892 4075 de
906 4010 1025 4077 futuris
1035 4021 1160 4073 constet
1171 4031 1250 4087 esse,

297 4116 352 4179 sed
368 4116 409 4180 de
422 4115 644 4203 praesentibus,
659 4126 691 4177 et
706 4113 834 4188 futuris,
850 4124 884 4177 et
901 4111 1081 4199 praeteritis.
1127 4110 1160 4173 si
1176 4133 1250 4174 vero

299 4216 489 4283 adhibeatur
514 4221 654 4302 sanguis,
681 4214 721 4279 ad
748 4214 994 4279 necromantiam
1015 4214 1083 4298 jam
1110 4210 1250 4285 accedit;

301 4339 373 4403 quae
383 4318 457 4382 inde
468 4318 595 4395 dicitur,
608 4315 694 4402 quod
708 4328 776 4381 tota
787 4314 818 4377 in
830 4326 1028 4390 mortuorum
1043 4310 1249 4395 inquisitione
