<?xml version="1.0" encoding="UTF-8"?>
<!DOCTYPE html PUBLIC "-//W3C//DTD XHTML 1.0 Transitional//EN"
    "http://www.w3.org/TR/xhtml1/DTD/xhtml1-transitional.dtd">
<html xmlns="http://www.w3.org/1999/xhtml" xml:lang="en" lang="en">
 <head>
  <title>
</title>
<meta http-equiv="Content-Type" content="text/html;charset=utf-8" />
  <meta name='ocr-system' content='tesseract 3.04.00' />
  <meta name='ocr-capabilities' content='ocr_page ocr_carea ocr_par ocr_line ocrx_word'/>
</head>
<body>
  <div class='ocr_page' id='page_1' title='image "./operaomnianuncp04johngoog_0221.png"; bbox 0 0 3425 5367; ppageno 0'>
   <div class='ocr_carea' id='block_1_1' title="bbox 438 666 1396 744">
    <p class='ocr_par' dir='ltr' id='par_1_1' title="bbox 438 666 1396 744">
     <span class='ocr_line' id='line_1_1' title="bbox 438 666 1396 744; baseline -0.003 -13"><span class='ocrx_word' id='word_1_1' title='bbox 438 672 503 731; x_wconf 71' lang='lat'>21⁰</span> <span class='ocrx_word' id='word_1_2' title='bbox 681 685 819 728; x_wconf 72' lang='lat' dir='ltr'>scansis</span> <span class='ocrx_word' id='word_1_3' title='bbox 834 686 1116 729; x_wconf 73' lang='lat' dir='ltr'>ssassnsmnnsls</span> <span class='ocrx_word' id='word_1_4' title='bbox 1244 666 1327 744; x_wconf 78' lang='lat' dir='ltr'>[nm.</span> <span class='ocrx_word' id='word_1_5' title='bbox 1344 684 1396 728; x_wconf 88' lang='lat'>111.</span> 
     </span>
    </p>
   </div>
   <div class='ocr_carea' id='block_1_2' title="bbox 436 833 1397 1632">
    <p class='ocr_par' dir='ltr' id='par_1_2' title="bbox 436 833 1397 1632">
     <span class='ocr_line' id='line_1_2' title="bbox 442 833 1397 920; baseline -0.003 -22"><span class='ocrx_word' id='word_1_6' title='bbox 442 834 546 898; x_wconf 81' lang='lat' dir='ltr'>verbis</span> <span class='ocrx_word' id='word_1_7' title='bbox 567 834 748 910; x_wconf 78' lang='lat' dir='ltr'>docuerint,</span> <span class='ocrx_word' id='word_1_8' title='bbox 763 849 798 899; x_wconf 85' lang='lat' dir='ltr'>et</span> <span class='ocrx_word' id='word_1_9' title='bbox 820 834 985 920; x_wconf 84' lang='lat' dir='ltr'>exemplis.</span> <span class='ocrx_word' id='word_1_10' title='bbox 1031 834 1128 898; x_wconf 91' lang='lat' dir='ltr'>Unde</span> <span class='ocrx_word' id='word_1_11' title='bbox 1152 847 1184 898; x_wconf 86' lang='lat' dir='ltr'>ct</span> <span class='ocrx_word' id='word_1_12' title='bbox 1207 833 1397 920; x_wconf 84' lang='lat' dir='ltr'><strong>Aristippus</strong></span> 
     </span>
     <span class='ocr_line' id='line_1_3' title="bbox 440 932 1396 1018; baseline -0.004 -18"><span class='ocrx_word' id='word_1_13' title='bbox 440 960 462 1000; x_wconf 83' lang='lat' dir='ltr'>a</span> <span class='ocrx_word' id='word_1_14' title='bbox 483 934 691 1000; x_wconf 75' lang='lat' dir='ltr'>maledicente</span> <span class='ocrx_word' id='word_1_15' title='bbox 711 959 745 998; x_wconf 87' lang='lat' dir='ltr'>se</span> <span class='ocrx_word' id='word_1_16' title='bbox 765 935 942 1011; x_wconf 78' lang='lat' dir='ltr'>discedens,</span> <span class='ocrx_word' id='word_1_17' title='bbox 966 934 1085 998; x_wconf 82' lang='lat' dir='ltr'>dixisse</span> <span class='ocrx_word' id='word_1_18' title='bbox 1105 932 1242 1018; x_wconf 81' lang='lat' dir='ltr'>legitur3</span> <span class='ocrx_word' id='word_1_19' title='bbox 1281 935 1331 997; x_wconf 93' lang='lat' dir='ltr'>Ut</span> <span class='ocrx_word' id='word_1_20' title='bbox 1358 945 1396 996; x_wconf 92' lang='lat' dir='ltr'>tu</span> 
     </span>
     <span class='ocr_line' id='line_1_4' title="bbox 437 1036 1394 1121; baseline -0.003 -21"><span class='ocrx_word' id='word_1_21' title='bbox 437 1039 559 1121; x_wconf 74' lang='lat' dir='ltr'>linguae</span> <span class='ocrx_word' id='word_1_22' title='bbox 571 1052 651 1116; x_wconf 66' lang='lat' dir='ltr'>tuat,</span> <span class='ocrx_word' id='word_1_23' title='bbox 663 1037 709 1100; x_wconf 92' lang='lat' dir='ltr'>sic</span> <span class='ocrx_word' id='word_1_24' title='bbox 722 1050 755 1100; x_wconf 91' lang='lat' dir='ltr'>et</span> <span class='ocrx_word' id='word_1_25' title='bbox 769 1059 831 1121; x_wconf 82' lang='lat' dir='ltr'>ego</span> <span class='ocrx_word' id='word_1_26' title='bbox 845 1059 988 1100; x_wconf 87' lang='lat' dir='ltr'>mearum</span> <span class='ocrx_word' id='word_1_27' title='bbox 1003 1039 1129 1100; x_wconf 89' lang='lat' dir='ltr'>aurium</span> <span class='ocrx_word' id='word_1_28' title='bbox 1145 1036 1296 1099; x_wconf 90' lang='lat' dir='ltr'>dominus</span> <span class='ocrx_word' id='word_1_29' title='bbox 1311 1057 1394 1100; x_wconf 91' lang='lat' dir='ltr'>sum.</span> 
     </span>
     <span class='ocr_line' id='line_1_5' title="bbox 437 1136 1393 1224; baseline -0.004 -20"><span class='ocrx_word' id='word_1_30' title='bbox 437 1139 606 1206; x_wconf 79' lang='lat' dir='ltr'>Antitanes</span> <span class='ocrx_word' id='word_1_31' title='bbox 625 1162 758 1224; x_wconf 84' lang='lat' dir='ltr'>quoque</span> <span class='ocrx_word' id='word_1_32' title='bbox 771 1137 899 1202; x_wconf 85' lang='lat' dir='ltr'>cuidam</span> <span class='ocrx_word' id='word_1_33' title='bbox 918 1138 1048 1218; x_wconf 89' lang='lat' dir='ltr'>dicenti,</span> <span class='ocrx_word' id='word_1_34' title='bbox 1063 1138 1235 1203; x_wconf 83' lang='lat' dir='ltr'>Maledixit</span> <span class='ocrx_word' id='word_1_35' title='bbox 1251 1137 1312 1201; x_wconf 92' lang='lat' dir='ltr'>tibi</span> <span class='ocrx_word' id='word_1_36' title='bbox 1326 1136 1393 1213; x_wconf 89' lang='lat' dir='ltr'>ille,</span> 
     </span>
     <span class='ocr_line' id='line_1_6' title="bbox 437 1239 1393 1328; baseline -0.003 -23"><span class='ocrx_word' id='word_1_37' title='bbox 437 1243 511 1305; x_wconf 84' lang='lat' dir='ltr'>Non</span> <span class='ocrx_word' id='word_1_38' title='bbox 525 1239 617 1316; x_wconf 85' lang='lat' dir='ltr'>mihi,</span> <span class='ocrx_word' id='word_1_39' title='bbox 631 1241 748 1328; x_wconf 89' lang='lat' dir='ltr'>inquit,</span> <span class='ocrx_word' id='word_1_40' title='bbox 762 1240 818 1304; x_wconf 90' lang='lat' dir='ltr'>sed</span> <span class='ocrx_word' id='word_1_41' title='bbox 834 1241 893 1318; x_wconf 90' lang='lat' dir='ltr'>illi,</span> <span class='ocrx_word' id='word_1_42' title='bbox 908 1241 964 1326; x_wconf 92' lang='lat' dir='ltr'>qui</span> <span class='ocrx_word' id='word_1_43' title='bbox 981 1241 1013 1304; x_wconf 91' lang='lat' dir='ltr'>in</span> <span class='ocrx_word' id='word_1_44' title='bbox 1029 1264 1073 1317; x_wconf 85' lang='lat' dir='ltr'>se,</span> <span class='ocrx_word' id='word_1_45' title='bbox 1090 1240 1178 1326; x_wconf 94' lang='lat' dir='ltr'>quod</span> <span class='ocrx_word' id='word_1_46' title='bbox 1201 1241 1255 1304; x_wconf 90' lang='lat' dir='ltr'>ille</span> <span class='ocrx_word' id='word_1_47' title='bbox 1270 1241 1393 1326; x_wconf 89' lang='lat' dir='ltr'>culpat,</span> 
     </span>
     <span class='ocr_line' id='line_1_7' title="bbox 436 1341 1392 1428; baseline -0.002 -22"><span class='ocrx_word' id='word_1_48' title='bbox 436 1344 589 1428; x_wconf 79' lang='lat' dir='ltr'>agnoscit.</span> <span class='ocrx_word' id='word_1_49' title='bbox 635 1341 699 1406; x_wconf 87' lang='lat' dir='ltr'>Sed</span> <span class='ocrx_word' id='word_1_50' title='bbox 713 1343 774 1406; x_wconf 89' lang='lat' dir='ltr'>etsi</span> <span class='ocrx_word' id='word_1_51' title='bbox 797 1342 876 1405; x_wconf 80' lang='lat' dir='ltr'>milii</span> <span class='ocrx_word' id='word_1_52' title='bbox 899 1342 1086 1406; x_wconf 80' lang='lat' dir='ltr'>maledicere</span> <span class='ocrx_word' id='word_1_53' title='bbox 1107 1354 1209 1418; x_wconf 89' lang='lat' dir='ltr'>curet,</span> <span class='ocrx_word' id='word_1_54' title='bbox 1224 1364 1287 1404; x_wconf 90' lang='lat' dir='ltr'>non</span> <span class='ocrx_word' id='word_1_55' title='bbox 1303 1364 1392 1414; x_wconf 86' lang='lat' dir='ltr'>curo,</span> 
     </span>
     <span class='ocr_line' id='line_1_8' title="bbox 436 1441 1391 1532; baseline -0.004 -24"><span class='ocrx_word' id='word_1_56' title='bbox 436 1445 516 1532; x_wconf 83' lang='lat' dir='ltr'>quia</span> <span class='ocrx_word' id='word_1_57' title='bbox 522 1445 652 1510; x_wconf 79' lang='lat' dir='ltr'>auditus</span> <span class='ocrx_word' id='word_1_58' title='bbox 659 1444 771 1526; x_wconf 83' lang='lat' dir='ltr'>lingua</span> <span class='ocrx_word' id='word_1_59' title='bbox 780 1443 877 1508; x_wconf 89' lang='lat' dir='ltr'>debet</span> <span class='ocrx_word' id='word_1_60' title='bbox 888 1467 955 1506; x_wconf 87' lang='lat' dir='ltr'>esse</span> <span class='ocrx_word' id='word_1_61' title='bbox 963 1443 1135 1522; x_wconf 83' lang='lat' dir='ltr'>robustior,</span> <span class='ocrx_word' id='word_1_62' title='bbox 1143 1465 1244 1526; x_wconf 92' lang='lat' dir='ltr'>quum</span> <span class='ocrx_word' id='word_1_63' title='bbox 1257 1441 1391 1528; x_wconf 88' lang='lat' dir='ltr'>singulis</span> 
     </span>
     <span class='ocr_line' id='line_1_9' title="bbox 436 1543 1389 1632; baseline -0.004 -20"><span class='ocrx_word' id='word_1_64' title='bbox 436 1548 623 1612; x_wconf 79' lang='lat' dir='ltr'>bominibus</span> <span class='ocrx_word' id='word_1_65' title='bbox 635 1547 756 1632; x_wconf 84' lang='lat' dir='ltr'>linguae</span> <span class='ocrx_word' id='word_1_66' title='bbox 769 1547 833 1609; x_wconf 81' lang='lat' dir='ltr'>sint</span> <span class='ocrx_word' id='word_1_67' title='bbox 848 1544 995 1630; x_wconf 86' lang='lat' dir='ltr'>singulae,</span> <span class='ocrx_word' id='word_1_68' title='bbox 1007 1545 1062 1608; x_wconf 87' lang='lat' dir='ltr'>sed</span> <span class='ocrx_word' id='word_1_69' title='bbox 1077 1566 1173 1608; x_wconf 85' lang='lat' dir='ltr'>aures</span> <span class='ocrx_word' id='word_1_70' title='bbox 1187 1545 1281 1609; x_wconf 87' lang='lat' dir='ltr'>binae.</span> <span class='ocrx_word' id='word_1_71' title='bbox 1319 1543 1389 1608; x_wconf 91' lang='lat' dir='ltr'>Ali-</span> 
     </span>
    </p>
   </div>
   <div class='ocr_carea' id='block_1_3' title="bbox 428 1647 1390 2953">
    <p class='ocr_par' dir='ltr' id='par_1_3' title="bbox 428 1647 1390 2953">
     <span class='ocr_line' id='line_1_10' title="bbox 437 1647 1390 1738; baseline -0.004 -24"><span class='ocrx_word' id='word_1_72' title='bbox 437 1665 598 1738; x_wconf 84' lang='lat' dir='ltr'>quatenus</span> <span class='ocrx_word' id='word_1_73' title='bbox 617 1666 833 1724; x_wconf 82' lang='lat' dir='ltr'>tamencum,</span> <span class='ocrx_word' id='word_1_74' title='bbox 854 1649 931 1734; x_wconf 87' lang='lat' dir='ltr'>quia</span> <span class='ocrx_word' id='word_1_75' title='bbox 952 1672 990 1711; x_wconf 90' lang='lat' dir='ltr'>eo</span> <span class='ocrx_word' id='word_1_76' title='bbox 1015 1649 1086 1734; x_wconf 89' lang='lat' dir='ltr'>ipso</span> <span class='ocrx_word' id='word_1_77' title='bbox 1107 1671 1157 1711; x_wconf 88' lang='lat' dir='ltr'>me</span> <span class='ocrx_word' id='word_1_78' title='bbox 1180 1647 1302 1712; x_wconf 82' lang='lat' dir='ltr'>fatetur</span> <span class='ocrx_word' id='word_1_79' title='bbox 1323 1669 1390 1710; x_wconf 89' lang='lat' dir='ltr'>esse</span> 
     </span>
     <span class='ocr_line' id='line_1_11' title="bbox 436 1749 1389 1838; baseline -0.007 -20"><span class='ocrx_word' id='word_1_80' title='bbox 436 1755 643 1838; x_wconf 78' lang='lat' dir='ltr'>superiorem,</span> <span class='ocrx_word' id='word_1_81' title='bbox 671 1753 823 1836; x_wconf 84' lang='lat' dir='ltr'>quoniam</span> <span class='ocrx_word' id='word_1_82' title='bbox 854 1749 1027 1833; x_wconf 86' lang='lat' dir='ltr'>superioris</span> <span class='ocrx_word' id='word_1_83' title='bbox 1062 1771 1206 1834; x_wconf 82' lang='lat' dir='ltr'>personae</span> <span class='ocrx_word' id='word_1_84' title='bbox 1235 1771 1313 1814; x_wconf 88' lang='lat' dir='ltr'>usus</span> <span class='ocrx_word' id='word_1_85' title='bbox 1341 1760 1389 1812; x_wconf 90' lang='lat' dir='ltr'>est</span> 
     </span>
     <span class='ocr_line' id='line_1_12' title="bbox 434 1851 1389 1939; baseline -0.007 -19"><span class='ocrx_word' id='word_1_86' title='bbox 434 1854 686 1920; x_wconf 76' lang='lat' dir='ltr'>detractionibus</span> <span class='ocrx_word' id='word_1_87' title='bbox 694 1852 1035 1939; x_wconf 85' lang='lat' dir='ltr'>subjacere,inferioris</span> <span class='ocrx_word' id='word_1_88' title='bbox 1045 1853 1170 1916; x_wconf 87' lang='lat' dir='ltr'>inferre.</span> <span class='ocrx_word' id='word_1_89' title='bbox 1206 1851 1389 1916; x_wconf 88' lang='lat' dir='ltr'>Gauderem</span> 
     </span>
     <span class='ocr_line' id='line_1_13' title="bbox 435 1953 1387 2042; baseline -0.005 -22"><span class='ocrx_word' id='word_1_90' title='bbox 435 1958 557 2042; x_wconf 83' lang='lat' dir='ltr'>itaque,</span> <span class='ocrx_word' id='word_1_91' title='bbox 577 1957 638 2019; x_wconf 90' lang='lat' dir='ltr'>nisi</span> <span class='ocrx_word' id='word_1_92' title='bbox 662 1969 798 2040; x_wconf 83' lang='lat' dir='ltr'>urgente</span> <span class='ocrx_word' id='word_1_93' title='bbox 823 1954 1022 2017; x_wconf 83' lang='lat' dir='ltr'>humanitate</span> <span class='ocrx_word' id='word_1_94' title='bbox 1043 1966 1240 2038; x_wconf 86' lang='lat' dir='ltr'>compaterer</span> <span class='ocrx_word' id='word_1_95' title='bbox 1261 1953 1387 2016; x_wconf 79' lang='lat' dir='ltr'>infelici</span> 
     </span>
     <span class='ocr_line' id='line_1_14' title="bbox 436 2055 1388 2134; baseline -0.003 -14"><span class='ocrx_word' id='word_1_96' title='bbox 436 2059 521 2123; x_wconf 83' lang='lat' dir='ltr'>Item</span> <span class='ocrx_word' id='word_1_97' title='bbox 543 2061 584 2122; x_wconf 91' lang='lat' dir='ltr'>T.</span> <span class='ocrx_word' id='word_1_98' title='bbox 598 2057 714 2120; x_wconf 88' lang='lat' dir='ltr'>Tatius</span> <span class='ocrx_word' id='word_1_99' title='bbox 734 2055 932 2119; x_wconf 73' lang='lat' dir='ltr'>maledicenti</span> <span class='ocrx_word' id='word_1_100' title='bbox 956 2055 1017 2120; x_wconf 90' lang='lat' dir='ltr'>sibi</span> <span class='ocrx_word' id='word_1_101' title='bbox 1041 2055 1186 2133; x_wconf 90' lang='lat' dir='ltr'>Metello,</span> <span class='ocrx_word' id='word_1_102' title='bbox 1208 2055 1327 2134; x_wconf 88' lang='lat' dir='ltr'>Facile,</span> <span class='ocrx_word' id='word_1_103' title='bbox 1341 2055 1388 2117; x_wconf 91' lang='lat' dir='ltr'>in-</span> 
     </span>
     <span class='ocr_line' id='line_1_15' title="bbox 434 2158 1387 2244; baseline -0.004 -21"><span class='ocrx_word' id='word_1_104' title='bbox 434 2160 518 2244; x_wconf 89' lang='lat' dir='ltr'>quit,</span> <span class='ocrx_word' id='word_1_105' title='bbox 540 2171 590 2223; x_wconf 87' lang='lat' dir='ltr'>est</span> <span class='ocrx_word' id='word_1_106' title='bbox 610 2158 644 2221; x_wconf 92' lang='lat' dir='ltr'>in</span> <span class='ocrx_word' id='word_1_107' title='bbox 665 2180 717 2220; x_wconf 93' lang='lat' dir='ltr'>me</span> <span class='ocrx_word' id='word_1_108' title='bbox 741 2158 856 2236; x_wconf 87' lang='lat' dir='ltr'>dicere,</span> <span class='ocrx_word' id='word_1_109' title='bbox 876 2179 977 2242; x_wconf 91' lang='lat' dir='ltr'>quum</span> <span class='ocrx_word' id='word_1_110' title='bbox 1001 2180 1059 2220; x_wconf 91' lang='lat' dir='ltr'>nec</span> <span class='ocrx_word' id='word_1_111' title='bbox 1081 2158 1140 2221; x_wconf 91' lang='lat' dir='ltr'>sim</span> <span class='ocrx_word' id='word_1_112' title='bbox 1166 2179 1387 2243; x_wconf 83' lang='lat' dir='ltr'>responsurus.</span> 
     </span>
     <span class='ocr_line' id='line_1_16' title="bbox 433 2259 1387 2346; baseline 0 -24"><span class='ocrx_word' id='word_1_113' title='bbox 433 2260 521 2338; x_wconf 81' lang='lat' dir='ltr'>Quid</span> <span class='ocrx_word' id='word_1_114' title='bbox 553 2263 756 2346; x_wconf 85' lang='lat' dir='ltr'>Xenophon?</span> <span class='ocrx_word' id='word_1_115' title='bbox 793 2263 859 2334; x_wconf 88' lang='lat' dir='ltr'>Tu,</span> <span class='ocrx_word' id='word_1_116' title='bbox 889 2259 995 2346; x_wconf 89' lang='lat' dir='ltr'>inquit</span> <span class='ocrx_word' id='word_1_117' title='bbox 1028 2259 1167 2340; x_wconf 87' lang='lat' dir='ltr'>cuidam,</span> <span class='ocrx_word' id='word_1_118' title='bbox 1200 2259 1387 2324; x_wconf 85' lang='lat' dir='ltr'>maledicere</span> 
     </span>
     <span class='ocr_line' id='line_1_17' title="bbox 431 2361 1387 2446; baseline -0.001 -21"><span class='ocrx_word' id='word_1_119' title='bbox 431 2361 583 2436; x_wconf 86' lang='lat' dir='ltr'>didicisti,</span> <span class='ocrx_word' id='word_1_120' title='bbox 607 2375 640 2426; x_wconf 90' lang='lat' dir='ltr'>et</span> <span class='ocrx_word' id='word_1_121' title='bbox 665 2385 738 2446; x_wconf 85' lang='lat' dir='ltr'>ego,</span> <span class='ocrx_word' id='word_1_122' title='bbox 762 2363 953 2426; x_wconf 86' lang='lat' dir='ltr'>conscientia</span> <span class='ocrx_word' id='word_1_123' title='bbox 980 2373 1068 2436; x_wconf 88' lang='lat' dir='ltr'>teste,</span> <span class='ocrx_word' id='word_1_124' title='bbox 1094 2361 1192 2426; x_wconf 92' lang='lat' dir='ltr'>didici</span> <span class='ocrx_word' id='word_1_125' title='bbox 1217 2361 1387 2426; x_wconf 87' lang='lat' dir='ltr'>maledicta</span> 
     </span>
     <span class='ocr_line' id='line_1_18' title="bbox 432 2461 1386 2546; baseline 0 -20"><span class='ocrx_word' id='word_1_126' title='bbox 432 2475 642 2527; x_wconf 83' lang='lat' dir='ltr'>contemnere.</span> <span class='ocrx_word' id='word_1_127' title='bbox 682 2461 744 2525; x_wconf 87' lang='lat' dir='ltr'>Sed</span> <span class='ocrx_word' id='word_1_128' title='bbox 770 2476 803 2525; x_wconf 92' lang='lat' dir='ltr'>et</span> <span class='ocrx_word' id='word_1_129' title='bbox 827 2463 1000 2546; x_wconf 85' lang='lat' dir='ltr'>Diogenes,</span> <span class='ocrx_word' id='word_1_130' title='bbox 1023 2485 1125 2546; x_wconf 89' lang='lat' dir='ltr'>quum</span> <span class='ocrx_word' id='word_1_131' title='bbox 1150 2463 1180 2526; x_wconf 90' lang='lat' dir='ltr'>ei</span> <span class='ocrx_word' id='word_1_132' title='bbox 1205 2462 1386 2526; x_wconf 85' lang='lat' dir='ltr'>nunciasset</span> 
     </span>
     <span class='ocr_line' id='line_1_19' title="bbox 430 2562 1386 2649; baseline -0.001 -20"><span class='ocrx_word' id='word_1_133' title='bbox 430 2565 562 2641; x_wconf 85' lang='lat' dir='ltr'>amicus,</span> <span class='ocrx_word' id='word_1_134' title='bbox 583 2568 632 2630; x_wconf 86' lang='lat' dir='ltr'>Te</span> <span class='ocrx_word' id='word_1_135' title='bbox 652 2563 745 2626; x_wconf 90' lang='lat' dir='ltr'>amici</span> <span class='ocrx_word' id='word_1_136' title='bbox 765 2562 872 2628; x_wconf 91' lang='lat' dir='ltr'>cuncti</span> <span class='ocrx_word' id='word_1_137' title='bbox 896 2563 1091 2647; x_wconf 84' lang='lat' dir='ltr'>vituperant,</span> <span class='ocrx_word' id='word_1_138' title='bbox 1108 2564 1256 2648; x_wconf 88' lang='lat' dir='ltr'>Oportet,</span> <span class='ocrx_word' id='word_1_139' title='bbox 1270 2564 1386 2649; x_wconf 88' lang='lat' dir='ltr'>inquit,</span> 
     </span>
     <span class='ocr_line' id='line_1_20' title="bbox 429 2663 1385 2753; baseline -0.002 -23"><span class='ocrx_word' id='word_1_140' title='bbox 429 2666 615 2753; x_wconf 82' lang='lat' dir='ltr'>sapientiam</span> <span class='ocrx_word' id='word_1_141' title='bbox 629 2665 672 2728; x_wconf 88' lang='lat' dir='ltr'>ab</span> <span class='ocrx_word' id='word_1_142' title='bbox 685 2663 909 2750; x_wconf 87' lang='lat' dir='ltr'>insipientibus</span> <span class='ocrx_word' id='word_1_143' title='bbox 928 2663 1027 2740; x_wconf 84' lang='lat' dir='ltr'>feriri,</span> <span class='ocrx_word' id='word_1_144' title='bbox 1042 2687 1115 2728; x_wconf 83' lang='lat' dir='ltr'>esse-</span> <span class='ocrx_word' id='word_1_145' title='bbox 1123 2665 1207 2728; x_wconf 89' lang='lat' dir='ltr'>enim</span> <span class='ocrx_word' id='word_1_146' title='bbox 1222 2665 1385 2729; x_wconf 88' lang='lat' dir='ltr'>meliorem</span> 
     </span>
     <span class='ocr_line' id='line_1_21' title="bbox 428 2764 1385 2850; baseline -0.001 -19"><span class='ocrx_word' id='word_1_147' title='bbox 428 2767 550 2831; x_wconf 87' lang='lat' dir='ltr'>indicat</span> <span class='ocrx_word' id='word_1_148' title='bbox 564 2766 649 2830; x_wconf 88' lang='lat' dir='ltr'>mala</span> <span class='ocrx_word' id='word_1_149' title='bbox 661 2765 772 2848; x_wconf 85' lang='lat' dir='ltr'>lingua</span> <span class='ocrx_word' id='word_1_150' title='bbox 787 2787 883 2848; x_wconf 92' lang='lat' dir='ltr'>quem</span> <span class='ocrx_word' id='word_1_151' title='bbox 899 2764 1011 2850; x_wconf 82' lang='lat' dir='ltr'>carpit.</span> <span class='ocrx_word' id='word_1_152' title='bbox 1046 2765 1134 2842; x_wconf 83' lang='lat' dir='ltr'>Quid</span> <span class='ocrx_word' id='word_1_153' title='bbox 1149 2766 1262 2829; x_wconf 88' lang='lat' dir='ltr'>Plato?</span> <span class='ocrx_word' id='word_1_154' title='bbox 1285 2765 1385 2830; x_wconf 90' lang='lat' dir='ltr'>totius</span> 
     </span>
     <span class='ocr_line' id='line_1_22' title="bbox 428 2864 1385 2953; baseline -0.001 -22"><span class='ocrx_word' id='word_1_155' title='bbox 428 2867 641 2953; x_wconf 66' lang='lat' dir='ltr'>philosophiae</span> <span class='ocrx_word' id='word_1_156' title='bbox 659 2867 769 2944; x_wconf 89' lang='lat' dir='ltr'>robur,</span> <span class='ocrx_word' id='word_1_157' title='bbox 782 2864 937 2951; x_wconf 91' lang='lat' dir='ltr'>patientia</span> <span class='ocrx_word' id='word_1_158' title='bbox 951 2877 1009 2928; x_wconf 92' lang='lat' dir='ltr'>est.</span> <span class='ocrx_word' id='word_1_159' title='bbox 1053 2869 1162 2939; x_wconf 88' lang='lat' dir='ltr'>Quum</span> <span class='ocrx_word' id='word_1_160' title='bbox 1184 2878 1217 2930; x_wconf 91' lang='lat' dir='ltr'>et</span> <span class='ocrx_word' id='word_1_161' title='bbox 1239 2869 1385 2932; x_wconf 87' lang='lat' dir='ltr'>Socrates</span> 
     </span>
    </p>
   </div>
   <div class='ocr_carea' id='block_1_4' title="bbox 427 2966 1485 3051">
    <p class='ocr_par' dir='ltr' id='par_1_4' title="bbox 427 2966 1485 3051">
     <span class='ocr_line' id='line_1_23' title="bbox 427 2966 1485 3051; baseline 0.003 -21"><span class='ocrx_word' id='word_1_162' title='bbox 427 2990 491 3030; x_wconf 92' lang='lat' dir='ltr'>nou</span> <span class='ocrx_word' id='word_1_163' title='bbox 513 2967 610 3032; x_wconf 91' lang='lat' dir='ltr'>modo</span> <span class='ocrx_word' id='word_1_164' title='bbox 631 2968 730 3030; x_wconf 85' lang='lat' dir='ltr'>verbo</span> <span class='ocrx_word' id='word_1_165' title='bbox 750 2979 844 3050; x_wconf 82' lang='lat' dir='ltr'>neget</span> <span class='ocrx_word' id='word_1_166' title='bbox 867 2966 1042 3049; x_wconf 88' lang='lat' dir='ltr'>sapientem</span> <span class='ocrx_word' id='word_1_167' title='bbox 1063 2989 1155 3051; x_wconf 87' lang='lat' dir='ltr'>posse</span> <span class='ocrx_word' id='word_1_168' title='bbox 1176 2968 1306 3044; x_wconf 86' lang='lat' dir='ltr'>offendi,</span> <span class='ocrx_word' id='word_1_169' title='bbox 1328 2967 1385 3032; x_wconf 87' lang='lat' dir='ltr'>sed</span> <span class='ocrx_word' id='word_1_170' title='bbox 1482 2983 1485 2992; x_wconf 95' lang='grc'><strong>’</strong></span> 
     </span>
    </p>
   </div>
   <div class='ocr_carea' id='block_1_5' title="bbox 380 3066 1383 4373">
    <p class='ocr_par' dir='ltr' id='par_1_5' title="bbox 380 3066 1383 4373">
     <span class='ocr_line' id='line_1_24' title="bbox 428 3066 1383 3134; baseline 0.003 -4"><span class='ocrx_word' id='word_1_171' title='bbox 428 3067 582 3131; x_wconf 86' lang='lat' dir='ltr'>adversus</span> <span class='ocrx_word' id='word_1_172' title='bbox 592 3089 718 3130; x_wconf 90' lang='lat' dir='ltr'>omnem</span> <span class='ocrx_word' id='word_1_173' title='bbox 728 3066 891 3130; x_wconf 71' lang='lat' dir='ltr'>sedunam</span> <span class='ocrx_word' id='word_1_174' title='bbox 903 3067 1017 3130; x_wconf 89' lang='lat' dir='ltr'>robore</span> <span class='ocrx_word' id='word_1_175' title='bbox 1033 3067 1162 3133; x_wconf 87' lang='lat' dir='ltr'>virtutis</span> <span class='ocrx_word' id='word_1_176' title='bbox 1175 3093 1242 3134; x_wconf 79' lang='lat' dir='ltr'>sure</span> <span class='ocrx_word' id='word_1_177' title='bbox 1257 3092 1383 3134; x_wconf 87' lang='lat' dir='ltr'>manere</span> 
     </span>
     <span class='ocr_line' id='line_1_25' title="bbox 427 3167 1383 3255; baseline 0.004 -23"><span class='ocrx_word' id='word_1_178' title='bbox 427 3168 631 3234; x_wconf 92' lang='lat' dir='ltr'>immobilem.</span> <span class='ocrx_word' id='word_1_179' title='bbox 675 3169 722 3232; x_wconf 87' lang='lat' dir='ltr'>Et</span> <span class='ocrx_word' id='word_1_180' title='bbox 743 3191 784 3230; x_wconf 93' lang='lat' dir='ltr'>ne</span> <span class='ocrx_word' id='word_1_181' title='bbox 805 3167 1009 3255; x_wconf 90' lang='lat' dir='ltr'>Philosophis</span> <span class='ocrx_word' id='word_1_182' title='bbox 1030 3169 1104 3233; x_wconf 89' lang='lat' dir='ltr'>solis</span> <span class='ocrx_word' id='word_1_183' title='bbox 1126 3171 1312 3255; x_wconf 89' lang='lat' dir='ltr'>patientiam</span> <span class='ocrx_word' id='word_1_184' title='bbox 1339 3171 1383 3236; x_wconf 93' lang='lat' dir='ltr'>sic</span> 
     </span>
     <span class='ocr_line' id='line_1_26' title="bbox 426 3269 1383 3358; baseline 0.004 -24"><span class='ocrx_word' id='word_1_185' title='bbox 426 3270 585 3358; x_wconf 85' lang='lat' dir='ltr'>placuisse</span> <span class='ocrx_word' id='word_1_186' title='bbox 598 3271 716 3351; x_wconf 84' lang='lat' dir='ltr'>credas,</span> <span class='ocrx_word' id='word_1_187' title='bbox 729 3271 870 3357; x_wconf 86' lang='lat' dir='ltr'>ipsorum</span> <span class='ocrx_word' id='word_1_188' title='bbox 888 3269 1122 3358; x_wconf 87' lang='lat' dir='ltr'>Imperatorum</span> <span class='ocrx_word' id='word_1_189' title='bbox 1136 3274 1178 3336; x_wconf 89' lang='lat' dir='ltr'>ad</span> <span class='ocrx_word' id='word_1_190' title='bbox 1192 3296 1260 3336; x_wconf 90' lang='lat' dir='ltr'>eam</span> <span class='ocrx_word' id='word_1_191' title='bbox 1275 3274 1383 3358; x_wconf 86' lang='lat' dir='ltr'>publi-</span> 
     </span>
     <span class='ocr_line' id='line_1_27' title="bbox 426 3372 1381 3460; baseline 0.003 -23"><span class='ocrx_word' id='word_1_192' title='bbox 426 3375 560 3440; x_wconf 89' lang='lat' dir='ltr'>candam</span> <span class='ocrx_word' id='word_1_193' title='bbox 574 3379 721 3459; x_wconf 82' lang='lat' dir='ltr'>exempla</span> <span class='ocrx_word' id='word_1_194' title='bbox 734 3388 936 3438; x_wconf 86' lang='lat' dir='ltr'>concurrunt</span> <span class='ocrx_word' id='word_1_195' title='bbox 979 3377 1022 3446; x_wconf 89' lang='lat' dir='ltr'>Jn</span> <span class='ocrx_word' id='word_1_196' title='bbox 1039 3372 1165 3436; x_wconf 84' lang='lat' dir='ltr'>Graecia</span> <span class='ocrx_word' id='word_1_197' title='bbox 1179 3373 1252 3458; x_wconf 93' lang='lat' dir='ltr'>quis</span> <span class='ocrx_word' id='word_1_198' title='bbox 1267 3376 1381 3460; x_wconf 87' lang='lat' dir='ltr'>major,</span> 
     </span>
     <span class='ocr_line' id='line_1_28' title="bbox 426 3473 1382 3562; baseline 0.006 -25"><span class='ocrx_word' id='word_1_199' title='bbox 426 3489 484 3538; x_wconf 87' lang='lat' dir='ltr'>aut</span> <span class='ocrx_word' id='word_1_200' title='bbox 509 3477 624 3540; x_wconf 87' lang='lat' dir='ltr'>clarior</span> <span class='ocrx_word' id='word_1_201' title='bbox 649 3474 862 3538; x_wconf 83' lang='lat' dir='ltr'>Alexandro?</span> <span class='ocrx_word' id='word_1_202' title='bbox 897 3474 939 3536; x_wconf 87' lang='lat' dir='ltr'>Ei</span> <span class='ocrx_word' id='word_1_203' title='bbox 969 3473 1153 3557; x_wconf 87' lang='lat' dir='ltr'>Antigonus</span> <span class='ocrx_word' id='word_1_204' title='bbox 1182 3475 1382 3562; x_wconf 80' lang='lat' dir='ltr'>paedagogus</span> 
     </span>
     <span class='ocr_line' id='line_1_29' title="bbox 426 3573 1381 3665; baseline 0.006 -28"><span class='ocrx_word' id='word_1_205' title='bbox 426 3575 581 3639; x_wconf 89' lang='lat' dir='ltr'>citharam</span> <span class='ocrx_word' id='word_1_206' title='bbox 605 3575 712 3660; x_wconf 85' lang='lat' dir='ltr'>fregit,</span> <span class='ocrx_word' id='word_1_207' title='bbox 736 3574 918 3659; x_wconf 89' lang='lat' dir='ltr'>abjecitque</span> <span class='ocrx_word' id='word_1_208' title='bbox 940 3574 1066 3638; x_wconf 88' lang='lat' dir='ltr'>dicens:</span> <span class='ocrx_word' id='word_1_209' title='bbox 1103 3573 1209 3641; x_wconf 83' lang='lat' dir='ltr'>AEtati</span> <span class='ocrx_word' id='word_1_210' title='bbox 1231 3588 1296 3643; x_wconf 85' lang='lat' dir='ltr'>tuae</span> <span class='ocrx_word' id='word_1_211' title='bbox 1312 3580 1381 3665; x_wconf 85' lang='lat' dir='ltr'>jam</span> 
     </span>
     <span class='ocr_line' id='line_1_30' title="bbox 426 3671 1380 3762; baseline 0.003 -23"><span class='ocrx_word' id='word_1_212' title='bbox 426 3697 559 3760; x_wconf 83' lang='lat' dir='ltr'>regnare</span> <span class='ocrx_word' id='word_1_213' title='bbox 588 3674 745 3752; x_wconf 88' lang='lat' dir='ltr'>convenit,</span> <span class='ocrx_word' id='word_1_214' title='bbox 770 3671 958 3757; x_wconf 89' lang='lat' dir='ltr'>pudeatque</span> <span class='ocrx_word' id='word_1_215' title='bbox 987 3673 1020 3736; x_wconf 92' lang='lat' dir='ltr'>in</span> <span class='ocrx_word' id='word_1_216' title='bbox 1051 3697 1182 3761; x_wconf 84' lang='lat' dir='ltr'>corpore</span> <span class='ocrx_word' id='word_1_217' title='bbox 1208 3681 1298 3762; x_wconf 87' lang='lat' dir='ltr'>regni</span> <span class='ocrx_word' id='word_1_218' title='bbox 1326 3702 1380 3742; x_wconf 89' lang='lat' dir='ltr'>vo-</span> 
     </span>
     <span class='ocr_line' id='line_1_31' title="bbox 425 3774 1379 3866; baseline 0.002 -24"><span class='ocrx_word' id='word_1_219' title='bbox 425 3779 584 3865; x_wconf 86' lang='lat' dir='ltr'>luptatem</span> <span class='ocrx_word' id='word_1_220' title='bbox 613 3775 751 3840; x_wconf 80' lang='lat' dir='ltr'>luxuriae</span> <span class='ocrx_word' id='word_1_221' title='bbox 777 3774 945 3840; x_wconf 85' lang='lat' dir='ltr'>dominari.</span> <span class='ocrx_word' id='word_1_222' title='bbox 991 3776 1087 3852; x_wconf 87' lang='lat' dir='ltr'>Quod</span> <span class='ocrx_word' id='word_1_223' title='bbox 1102 3791 1148 3843; x_wconf 88' lang='lat' dir='ltr'>-et</span> <span class='ocrx_word' id='word_1_224' title='bbox 1178 3778 1232 3842; x_wconf 93' lang='lat' dir='ltr'>ille</span> <span class='ocrx_word' id='word_1_225' title='bbox 1257 3780 1379 3866; x_wconf 89' lang='lat' dir='ltr'>patien-</span> 
     </span>
     <span class='ocr_line' id='line_1_32' title="bbox 426 3876 1379 3963; baseline 0.002 -19"><span class='ocrx_word' id='word_1_226' title='bbox 426 3878 544 3944; x_wconf 91' lang='lat' dir='ltr'>tissime</span> <span class='ocrx_word' id='word_1_227' title='bbox 559 3877 647 3958; x_wconf 90' lang='lat' dir='ltr'>tulit,</span> <span class='ocrx_word' id='word_1_228' title='bbox 659 3878 733 3942; x_wconf 88' lang='lat' dir='ltr'>licet</span> <span class='ocrx_word' id='word_1_229' title='bbox 747 3877 934 3962; x_wconf 88' lang='lat' dir='ltr'>plerumque</span> <span class='ocrx_word' id='word_1_230' title='bbox 956 3876 1247 3963; x_wconf 88' lang='lat' dir='ltr'>impatientissimus</span> <span class='ocrx_word' id='word_1_231' title='bbox 1269 3881 1379 3962; x_wconf 81' lang='lat' dir='ltr'>suerit,</span> 
     </span>
     <span class='ocr_line' id='line_1_33' title="bbox 423 3979 1377 4068; baseline 0.002 -22"><span class='ocrx_word' id='word_1_232' title='bbox 423 3996 455 4046; x_wconf 92' lang='lat' dir='ltr'>et</span> <span class='ocrx_word' id='word_1_233' title='bbox 470 3996 592 4067; x_wconf 89' lang='lat' dir='ltr'>patrem</span> <span class='ocrx_word' id='word_1_234' title='bbox 616 3981 698 4046; x_wconf 88' lang='lat' dir='ltr'>sicut</span> <span class='ocrx_word' id='word_1_235' title='bbox 721 3980 851 4056; x_wconf 88' lang='lat' dir='ltr'>virtute,</span> <span class='ocrx_word' id='word_1_236' title='bbox 868 3979 914 4045; x_wconf 85' lang='lat' dir='ltr'>ita</span> <span class='ocrx_word' id='word_1_237' title='bbox 936 3979 1022 4044; x_wconf 88' lang='lat' dir='ltr'>vitiis</span> <span class='ocrx_word' id='word_1_238' title='bbox 1044 3997 1215 4068; x_wconf 85' lang='lat' dir='ltr'>superaret.</span> <span class='ocrx_word' id='word_1_239' title='bbox 1260 3983 1377 4048; x_wconf 91' lang='lat' dir='ltr'>Eidem</span> 
     </span>
     <span class='ocr_line' id='line_1_34' title="bbox 380 4081 1377 4181; baseline 0.004 -35"><span class='ocrx_word' id='word_1_240' title='bbox 380 4161 395 4181; x_wconf 85' lang='lat'><strong>.</strong></span> <span class='ocrx_word' id='word_1_241' title='bbox 424 4105 553 4170; x_wconf 93' lang='lat' dir='ltr'>qunque</span> <span class='ocrx_word' id='word_1_242' title='bbox 562 4082 723 4167; x_wconf 89' lang='lat' dir='ltr'>eleganter</span> <span class='ocrx_word' id='word_1_243' title='bbox 731 4096 762 4146; x_wconf 94' lang='lat' dir='ltr'>et</span> <span class='ocrx_word' id='word_1_244' title='bbox 773 4103 846 4144; x_wconf 85' lang='lat' dir='ltr'>vere</span> <span class='ocrx_word' id='word_1_245' title='bbox 857 4081 1104 4167; x_wconf 87' lang='lat' dir='ltr'>comprehensus</span> <span class='ocrx_word' id='word_1_246' title='bbox 1116 4083 1220 4169; x_wconf 85' lang='lat' dir='ltr'>pirata</span> <span class='ocrx_word' id='word_1_247' title='bbox 1229 4085 1377 4150; x_wconf 84' lang='lat' dir='ltr'>scribitur</span> 
     </span>
     <span class='ocr_line' id='line_1_35' title="bbox 424 4183 1378 4272; baseline 0.002 -24"><span class='ocrx_word' id='word_1_248' title='bbox 424 4184 630 4271; x_wconf 84' lang='lat' dir='ltr'>respondisse.</span> <span class='ocrx_word' id='word_1_249' title='bbox 658 4187 764 4262; x_wconf 82' lang='lat' dir='ltr'>Quum</span> <span class='ocrx_word' id='word_1_250' title='bbox 780 4184 862 4247; x_wconf 92' lang='lat' dir='ltr'>enim</span> <span class='ocrx_word' id='word_1_251' title='bbox 875 4183 1058 4248; x_wconf 84' lang='lat' dir='ltr'>Alexander</span> <span class='ocrx_word' id='word_1_252' title='bbox 1067 4185 1287 4271; x_wconf 87' lang='lat' dir='ltr'>interrogaret,</span> <span class='ocrx_word' id='word_1_253' title='bbox 1299 4187 1378 4272; x_wconf 91' lang='lat' dir='ltr'>quid</span> 
     </span>
     <span class='ocr_line' id='line_1_36' title="bbox 422 4285 1378 4373; baseline -0.001 -20"><span class='ocrx_word' id='word_1_254' title='bbox 422 4289 451 4353; x_wconf 92' lang='lat' dir='ltr'>ei</span> <span class='ocrx_word' id='word_1_255' title='bbox 467 4288 628 4353; x_wconf 84' lang='lat' dir='ltr'>videretur</span> <span class='ocrx_word' id='word_1_256' title='bbox 648 4286 735 4373; x_wconf 89' lang='lat' dir='ltr'>quod</span> <span class='ocrx_word' id='word_1_257' title='bbox 758 4309 842 4350; x_wconf 86' lang='lat' dir='ltr'>mare</span> <span class='ocrx_word' id='word_1_258' title='bbox 866 4285 996 4352; x_wconf 85' lang='lat' dir='ltr'>haberet</span> <span class='ocrx_word' id='word_1_259' title='bbox 1019 4285 1183 4366; x_wconf 85' lang='lat' dir='ltr'>infestum,</span> <span class='ocrx_word' id='word_1_260' title='bbox 1200 4287 1253 4352; x_wconf 90' lang='lat' dir='ltr'>ille</span> <span class='ocrx_word' id='word_1_261' title='bbox 1275 4287 1378 4353; x_wconf 88' lang='lat' dir='ltr'>libera</span> 
     </span>
    </p>
   </div>
   <div class='ocr_carea' id='block_1_6' title="bbox 0 0 1718 5367">
    <p class='ocr_par' dir='ltr' id='par_1_6' title="bbox 0 0 1718 5367">
     <span class='ocr_line' id='line_1_37' title="bbox 0 0 1718 5367; baseline 0 7"><span class='ocrx_word' id='word_1_262' title='bbox 0 0 1718 5367; x_wconf 95' lang='lat' dir='ltr'> </span> 
     </span>
    </p>
   </div>
  </div>
 </body>
</html>
