3425 5367
453 684 472 741 Θ
712 699 848 744 coimus
864 699 1143 748 ssunsnsnrnnms

452 855 542 917 Inter
557 848 773 936 multiloquos,
790 860 823 914 et
837 850 971 935 grandia
985 852 1083 917 verbe
1097 863 1249 933 serentes,

497 950 575 1015 Esto
589 950 796 1039 tardiloquus,
812 965 946 1041 estoque
963 976 1065 1041 pnncs
1078 955 1221 1042 loquens.

453 1054 541 1119 Dum
557 1053 682 1139 linguas
696 1068 816 1121 sonunt
830 1056 895 1134 ulii,
911 1056 970 1122 tibi
985 1057 1101 1122 callent
1114 1058 1209 1136 sums,

497 1156 541 1221 Et
555 1156 596 1221 sit
611 1157 762 1223 Dulichio
777 1159 898 1244 remige
913 1160 1009 1224 surdo
1025 1160 1135 1244 magis.

453 1264 524 1325 Nec
539 1269 664 1324 tuntum
679 1259 783 1325 velent
798 1261 967 1326 temerarie
981 1261 1092 1346 lingua
1105 1262 1275 1349 loquentis,

497 1360 639 1427 Pectoris
654 1372 691 1426 ut
705 1362 804 1447 possit
818 1384 968 1449 rumpere
982 1362 1120 1438 clanstro¹
1132 1364 1190 1431 tui.

454 1460 488 1526 Si
503 1462 627 1548 potiens
642 1463 748 1545 fueris,
763 1486 928 1552 nunqnam
944 1464 1003 1529 tibi
1018 1466 1116 1531 verbe
1130 1467 1304 1543 nocebunt,

481 1566 719 1655 'Turbatorqne
735 1578 800 1631 tuae
815 1590 911 1634 nemo
926 1568 1042 1655 quietis
1056 1569 1127 1635 erit.

451 1668 603 1735 Excutiet
617 1693 740 1757 pacem,
755 1694 852 1758 quem
868 1672 924 1737 dat
938 1672 1102 1758 potientis,
1119 1674 1248 1748 nullus;⁴

495 1770 543 1835 Sit
557 1770 633 1835 licet
647 1771 793 1846 exermis,
810 1772 946 1836 conterit
960 1794 1050 1835 orma
1064 1786 1184 1838 tamen.

452 1874 595 1937 Utuntur
609 1873 734 1957 linguis,
751 1883 787 1935 tu
803 1874 923 1937 viribus
937 1884 1028 1937 utere
1043 1875 1173 1953 mentis,

497 1974 532 2038 Si
547 1974 648 2059 sapis:
667 1997 687 2039 a
701 1973 817 2057 linguis
831 1974 933 2059 gloria
947 1997 1064 2059 magne
1078 1976 1177 2041 venit.

452 2076 538 2145 Num
554 2097 627 2162 quae
642 2075 683 2140 sit
696 2076 841 2141 doctrina
856 2076 924 2158 viri,
939 2076 1094 2162 patientia
1107 2088 1272 2156 monstrat,

495 2178 688 2266 Imbellique
702 2201 800 2244 manu
815 2179 901 2244 bella
916 2178 1054 2245 nefanda
1068 2181 1195 2266 premit.

452 2280 534 2356 Quis
547 2280 628 2349 feret
643 2291 811 2359 armatum,
827 2304 901 2369 quae
916 2281 982 2346 sola
997 2282 1174 2369 triumphet
1187 2282 1328 2365 inermis,

494 2388 728 2471 Armetnmque
744 2406 875 2449 manum
893 2384 1019 2450 vincere
1034 2385 1099 2450 sela
1114 2385 1218 2450 solet?

451 2486 511 2549 Vir
524 2487 648 2573 patiens
662 2487 735 2551 forti
750 2486 882 2563 melior3
905 2487 1010 2551 minor
1023 2509 1092 2552 esse
1107 2489 1288 2573 triumphus

494 2588 605 2672 Urbis,
619 2611 715 2677 quam
732 2589 850 2655 mentis
863 2590 989 2668 dicitnr,
1006 2602 1117 2677 estque
1132 2590 1245 2658 minor.

454 2694 576 2780 Sperne
591 2699 701 2771 mulos,
718 2716 870 2758 venerare
884 2694 995 2777 bonos,
1009 2695 1137 2779 ignosce
1152 2693 1271 2759 volenti

495 2796 641 2874 Laedere‚
657 2784 852 2862 nullabonis
867 2797 946 2862 ultio
960 2810 1051 2881 grata
1065 2797 1176 2882 magis.

451 2899 550 2966 Nulla
564 2900 667 2965 virum
679 2900 793 2963 fortem
808 2900 948 2965 vindicta
962 2900 1065 2984 magis
1077 2900 1172 2965 decet
1185 2901 1257 2980 ists,

493 3003 697 3087 Principibus
710 3023 837 3085 semper
851 3000 949 3064 debet
963 3002 1074 3065 adesse
1089 3002 1173 3066 viris.

452 3107 490 3171 In
506 3125 642 3191 quorum
659 3102 806 3165 manibus
822 3101 874 3165 lex
889 3101 915 3165 si
930 3100 1016 3184 viget
1031 3102 1125 3185 ignea
1134 3128 1143 3180 ;
1167 3104 1271 3187 punit,

494 3208 582 3271 Dum
598 3204 746 3269 miseret:
770 3203 849 3268 fidos
864 3203 941 3267 dum
958 3203 1047 3292 eupit
1061 3226 1141 3286 esse,
1155 3204 1241 3269 facit.

450 3316 607 3378 Provocat
621 3308 661 3373 ud
677 3306 809 3390 facinus,
823 3307 901 3372 dum
918 3306 1008 3372 ssevit
1021 3306 1132 3394 iniqua
1146 3319 1294 3393 potestas,

493 3418 538 3479 Et
552 3412 612 3478 sibi
627 3411 786 3496 subjectos
802 3433 866 3474 non
882 3409 957 3475 sinit
971 3433 1039 3475 esse
1056 3410 1133 3495 pios.

450 3520 556 3585 Nemo
570 3516 673 3578 sciens
687 3512 778 3575 illum
793 3512 894 3590 loedit,
909 3534 1005 3597 quem
1021 3511 1123 3576 credit
1136 3512 1274 3577 amicum
1287 3538 1296 3589 3

495 3615 622 3701 Regula
637 3614 701 3679 fids
717 3613 828 3679 nimis:
853 3614 996 3703 quisquis
1011 3614 1178 3691 amandus,
1195 3627 1291 3682 amet.

452 3721 535 3789 Haec
549 3717 715 3782 homiuum
732 3716 891 3801 disjuncto
904 3717 984 3781 solet
999 3717 1193 3803 conjungere
1208 3719 1315 3801 corda,

495 3822 560 3887 Ista
574 3830 679 3907 potest
694 3820 857 3886 hominem
874 3820 1042 3886 conciliare
1058 3821 1140 3888 Deo.

450 3929 524 3991 Huc
538 3923 620 3987 duce
636 3944 729 4009 carpe
745 3922 839 4001 vium,
855 3922 1013 4007 gredienti
1028 3946 1124 3988 nemo
1138 3924 1277 4001 nocebit,

493 4027 538 4092 Et
550 4025 668 4112 poteris
682 4036 812 4090 cunctas
826 4036 914 4089 tutus
928 4024 1009 4090 inire
1024 4046 1146 4092 manns.

448 4129 510 4195 Illa
523 4140 632 4193 tamen
647 4128 959 4204 metuendumne,
975 4149 1051 4213 quae
1066 4139 1181 4191 tractat
1196 4127 1322 4213 iniquas

494 4230 620 4307 Sordes,
636 4251 733 4316 quum
750 4229 913 4294 maculant
927 4250 992 4293 oers
1007 4229 1111 4293 colore
1126 4250 1192 4293 suo.

451 4338 523 4403 Non
539 4332 614 4421 quia
629 4330 791 4418 polluitur,
807 4343 840 4397 et
856 4330 980 4417 polluit,
997 4342 1046 4396 est
1060 4330 1211 4415 fugienda
