3425 5367
458 745 521 803 ata
714 753 849 799 Joaums
866 753 1145 799 sanasnnmnusrs
1257 739 1339 817 [mn.
1357 755 1407 800 111.

462 929 569 972 earum
585 906 744 970 interdum
760 926 854 968 manu
872 903 1043 984 conferens,
1057 903 1266 971 discernebat.
1304 909 1413 982 Quum

462 1032 539 1092 ergo
548 1006 677 1071 Caecilio
689 1006 799 1082 invito,
811 1029 877 1070 rem
891 1019 926 1070 ut
942 1006 1058 1071 laceret
1074 1007 1211 1072 Senatus
1223 1007 1413 1072 auctoritate

461 1109 690 1188 denunciasset,
705 1121 742 1171 ut
757 1108 785 1171 ei
807 1107 974 1172 videbatur
995 1107 1157 1193 injustam,
1174 1111 1274 1182 Ante,
1298 1108 1414 1194 inquit,

460 1210 622 1276 satiaberis
641 1210 830 1293 margaritis.
875 1213 918 1274 At
939 1209 1006 1272 haec
1027 1208 1109 1273 sorte
1124 1223 1180 1274 aut
1202 1210 1306 1274 aliena
1328 1210 1415 1273 vide-

458 1315 591 1391 buntur,
607 1330 639 1379 et
659 1337 730 1398 qnae
746 1313 806 1377 viri
828 1313 920 1376 fortis
934 1313 1056 1377 animus
1077 1312 1242 1377 honestius
1264 1312 1415 1377 dissimu-

459 1422 548 1482 laret.
593 1417 712 1479 Verum
734 1411 893 1479 etl'amosi
915 1413 1014 1478 libelli
1037 1414 1077 1478 de
1092 1437 1130 1477 eo
1151 1413 1262 1500 scripti
1278 1426 1364 1490 sunt,
1380 1426 1411 1478 et

455 1517 614 1604 jocularia
636 1517 775 1581 carmina
799 1516 831 1579 in
854 1538 928 1579 eum
954 1515 1080 1601 publice
1101 1515 1282 1602 divulgata,
1305 1528 1342 1580 ut
1365 1527 1411 1581 est

457 1617 539 1682 illud
555 1617 693 1682 militum
707 1617 741 1680 in
756 1615 921 1700 triumpho
936 1614 1060 1679 Gallico
1075 1615 1282 1694 celebratum,

565 1772 665 1826 Gallias
677 1772 767 1824 Caesar
778 1771 890 1838 subegit,
903 1769 1061 1822 Nicomedes
1074 1753 1215 1833 Caesarem,

564 1859 722 1912 Nicomedes
732 1876 784 1910 non
794 1857 936 1928 triumphat
947 1857 991 1924 qui
1002 1857 1107 1924 subegit
1119 1855 1260 1910 Caesarem.

458 2010 510 2071 Eo
519 2004 607 2090 quod
620 2001 807 2067 Nicomedes
820 2003 891 2064 Rex
905 2001 1066 2086 Bithyniae
1078 2004 1237 2067 Caesarem
1249 2003 1411 2068 serebatur

458 2121 571 2190 stupro
594 2104 766 2188 subegisse,
790 2102 822 2165 in
850 2102 1031 2166 ulteriorem
1057 2103 1306 2169 familiaritatem
1332 2104 1411 2168 dum

454 2207 565 2292 junior
579 2216 659 2268 esset
680 2203 865 2267 admissum.
911 2203 1109 2268 Facilitatem
1129 2228 1262 2292 quoque
1278 2207 1413 2272 Caesaris

457 2310 489 2372 in
502 2305 648 2391 augendo
662 2307 779 2369 Senatu
790 2306 902 2372 Cicero
914 2304 1008 2369 nimis
1019 2309 1133 2370 acriter
1143 2320 1174 2370 et
1186 2307 1291 2394 palam
1302 2308 1410 2373 irrisit.

458 2409 543 2472 Nam
563 2429 663 2493 quum
683 2407 724 2471 ab
743 2406 870 2492 hospite
888 2429 946 2470 suo
966 2409 1001 2472 P.
1023 2407 1147 2470 Manlio
1172 2422 1351 2494 rogaretur,
1376 2421 1411 2474 ut

457 2509 605 2597 privigno
627 2531 686 2572 suo
709 2507 948 2572 decurionatum
973 2508 1152 2592 expediret,
1177 2510 1222 2574 ait
1248 2511 1412 2576 assistente

456 2614 647 2699 frequentia,
659 2610 771 2675 Βοωω
787 2610 873 2672 siris
888 2608 1029 2685 habebit,
1040 2610 1199 2697 Pompeiis
1214 2610 1341 2676 difficile
1352 2626 1410 2678 est.

460 2714 522 2779 Sed
538 2726 570 2778 et
590 2713 622 2776 in
639 2710 785 2798 Epistola
806 2711 847 2774 ad
865 2713 903 2775 C.
921 2711 1065 2775 Cassium
1089 2710 1276 2776 violatorem
1299 2713 1410 2778 Dicta·

456 2816 537 2881 toris
556 2813 735 2878 mordacius
754 2811 897 2898 scripsit:
930 2811 1049 2876 Vellem
1074 2811 1189 2876 Idibus
1211 2813 1339 2880 Martiis
1360 2838 1411 2880 me

457 2918 497 2981 ad
510 2938 632 2981 coenam
643 2916 820 2992 invitasses,
831 2914 973 3000 profecto
982 2913 1187 2999 reliquiarum
1200 2914 1279 2978 nihil
1291 2913 1412 2999 fuisset,

457 3040 542 3082 nunc
568 3040 618 3080 me
643 3016 785 3099 reliquiae
810 3029 926 3079 vestrae
951 3029 1109 3080 exercent.
1157 3016 1218 3079 Sed
1242 3019 1413 3102 Augustus

457 3118 594 3181 fortunae
616 3116 716 3190 favor,
739 3130 772 3180 et
795 3107 1056 3180 Romani'decus
1084 3117 1228 3202 Imperii,
1251 3121 1411 3184 avunculo

453 3242 516 3286 -suo
530 3222 551 3285 J
553 3218 619 3282 ulio
633 3218 727 3301 longe
741 3216 913 3303 patientior
927 3217 1045 3283 extitit.
1090 3219 1198 3295 Quum
1214 3220 1297 3282 enim
1312 3225 1413 3286 Anto-

457 3321 529 3388 nius
541 3334 716 3386 maternam
736 3321 805 3406 ejus
824 3320 978 3406 originem
1001 3319 1187 3406 despiciens,
1203 3341 1275 3382 eum
1295 3321 1412 3388 Afrum

456 3450 582 3514 genere,
598 3440 633 3490 et
651 3437 770 3490 natura
792 3424 963 3509 panificum
984 3423 1114 3501 diceret,
1130 3421 1191 3485 hoc
1212 3420 1320 3487 ridens
1341 3447 1412 3510 per.

458 3529 545 3605 tulit,
559 3542 591 3592 et
611 3527 746 3590 eundem
767 3548 873 3589 sorore
895 3524 1013 3588 tradita
1036 3523 1067 3585 in
1090 3521 1251 3586 affinitatis
1272 3527 1409 3610 gratiam

458 3628 595 3694 admisit.
618 3630 726 3704 Quum
737 3626 903 3688 veroidem
914 3623 1065 3687 adversus
1076 3623 1238 3709 privatum
1250 3629 1411 3712 quendam

459 3732 589 3813 gravius
600 3726 853 3802 excandesceret,
864 3730 1021 3810 Loquere,
1037 3724 1154 3811 inquit,
1166 3730 1312 3813 Auguste
1323 3733 1412 3817 quod

456 3831 573 3920 placet,
583 3829 659 3926 quja
670 3825 865 3912 diligentiam
878 3826 1021 3905 auribus,
1032 3826 1150 3913 linguae
1161 3828 1412 3898 taciturnitatem

457 3934 569 4010 indixi,
585 3931 723 4019 quietem
740 3929 897 4006 manibus,
913 3928 993 3993 etin
1011 3931 1159 3995 omnibus
1174 3928 1222 3994 his
1237 3933 1411 4014 potentiam

456 4054 545 4100 tuam
561 4056 684 4107 accusa,
701 4031 776 4116 quia
789 4030 868 4094 nihil
883 4029 970 4094 aliud
985 4030 1075 4114 argui
1091 4045 1196 4116 potest
1210 4032 1242 4094 in
1259 4033 1412 4116 patientia

456 4159 538 4200 mea.
582 4135 632 4199 Ad
653 4134 722 4199 haec
742 4155 804 4195 non
825 4131 921 4194 modo
941 4132 974 4194 in
995 4155 1028 4195 se
1050 4133 1195 4196 servabat
1212 4133 1410 4218 patientiam,

456 4238 511 4302 sed
524 4237 654 4299 eandem
667 4233 736 4298 aliis
747 4232 914 4295 indicebat.
947 4230 1042 4296 Unde
1054 4253 1154 4315 quum
1170 4232 1318 4297 Tiberius
1333 4259 1411 4320 que-

459 4352 583 4406 reretur
597 4360 654 4425 per
668 4334 833 4422 epistolam
848 4355 949 4408 suam,
963 4331 1049 4417 quod
1065 4333 1159 4397 multi
1174 4333 1214 4398 de
1230 4333 1285 4400 illo
1299 4359 1411 4424 perpe-
