3425 5367
492 709 551 768 110
746 720 1178 768 sonarusssaasnnamns1s
1301 709 1385 783 [ara.
1402 725 1440 769 11.

487 869 727 954 complectatur,
738 870 770 934 in
783 894 884 956 eoque
901 883 1023 957 patrem
1035 872 1192 936 luminum
1209 873 1367 958 sequitur,
1383 873 1440 936 sed

486 993 548 1034 non
561 971 706 1057 passibus
721 971 833 1057 aequis,
847 994 946 1057 quum
956 972 1008 1036 hic
1019 973 1140 1048 multis,
1156 972 1209 1036 ille
1220 996 1296 1036 vero
1311 974 1442 1038 omnino

486 1071 567 1136 nulli
589 1071 690 1137 motui
712 1074 871 1137 obnoxius
896 1075 947 1139 sit.
993 1076 1100 1152 Quum
1125 1098 1199 1138 vcro
1228 1075 1344 1138 divinae
1368 1076 1444 1139 sim-

486 1173 637 1259 plicitatis
654 1183 801 1261 aspectus
819 1172 1061 1240 innumerabilia
1075 1175 1215 1256 claudat,
1231 1198 1294 1239 una
1309 1189 1441 1241 tantum

486 1287 545 1352 est,
568 1288 599 1340 et
621 1275 787 1340 individua
802 1276 981 1340 substantia
995 1277 1201 1362 praescientis,
1220 1277 1314 1362 eique
1336 1300 1440 1342 essen-

486 1374 603 1440 tialiter
615 1399 687 1452 una,
704 1399 804 1462 quum
815 1377 876 1441 sibi
892 1377 931 1442 sit
942 1377 1026 1442 idem
1035 1401 1112 1453 esse,
1124 1391 1157 1441 et
1172 1378 1345 1463 sapientem
1362 1401 1440 1443 esse.

486 1475 638 1562 Alioquin
657 1477 757 1563 tingat
772 1477 828 1563 qui
843 1489 960 1563 potest,
976 1479 1050 1564 quis
1064 1480 1133 1543 haec
1146 1478 1272 1542 diversa
1285 1478 1441 1562 conjunx-

487 1576 558 1650 erit,
574 1600 631 1642 nec
646 1578 749 1664 prima
768 1601 874 1642 rerum
893 1579 1036 1644 omnium
1051 1602 1144 1645 causa
1159 1578 1230 1656 erit,
1245 1601 1320 1664 quae
1335 1592 1371 1643 ut
1387 1579 1439 1654 sit,

487 1679 718 1764 conjunctionis
743 1677 936 1745 adminiculo
961 1694 1043 1765 eget.
1089 1683 1254 1747 Creaturae
1279 1703 1354 1743 vero
1380 1682 1439 1744 sci-

488 1783 584 1858 entia,
597 1781 691 1868 longe
702 1781 838 1867 disparis
849 1782 1037 1847 conditionis
1048 1794 1106 1847 est.
1138 1781 1272 1867 Spiritui
1283 1780 1437 1866 siquidem

488 1897 520 1947 et
535 1884 649 1948 animae
664 1907 726 1948 non
749 1897 795 1948 est
818 1885 903 1948 idem
919 1906 997 1961 esse,
1019 1898 1051 1948 et
1063 1885 1211 1948 scientem
1234 1906 1312 1958 esse,
1335 1906 1438 1968 quum

487 1985 592 2048 anima
617 1986 805 2071 disponatur
830 1987 871 2049 ad
897 1986 1110 2071 cognitionem
1136 2008 1255 2068 rerum,
1281 2009 1382 2072 eaque
1409 1989 1437 2049 si

487 2084 628 2149 radicata
639 2084 745 2162 luerit,
761 2105 810 2163 ut,
826 2088 931 2172 primo
944 2087 1118 2151 affectionis
1133 2100 1222 2151 motu
1232 2087 1437 2162 invalescens,

487 2199 544 2250 aut
572 2188 711 2265 omnino,
738 2201 795 2253 aut
825 2189 891 2252 sine
916 2189 1034 2274 injuria
1063 2202 1188 2253 naturae
1213 2188 1349 2253 convelli
1372 2211 1437 2252 non

487 2290 599 2374 possit,
621 2288 734 2354 habitu
761 2314 818 2354 suo
843 2290 994 2356 informat
1023 2292 1172 2370 animam,
1193 2291 1354 2375 faciatque
1380 2292 1439 2354 sci-

487 2403 600 2456 entem.
647 2392 712 2456 Hic
731 2415 807 2477 ergo
827 2393 967 2469 habitus,
983 2393 1156 2458 rectissime
1177 2392 1307 2456 scientia
1328 2390 1438 2476 appel·

487 2492 584 2570 latur,
599 2493 672 2559 licet
688 2507 719 2559 et
734 2518 784 2559 res
799 2495 950 2580 subjectae
965 2494 1126 2559 interdum
1150 2494 1290 2560 scientiae
1311 2493 1436 2556 nomine

487 2607 684 2660 censeantur.
730 2595 826 2662 Unde
847 2609 880 2661 et
905 2594 1041 2660 vicissim
1067 2595 1249 2660 nominibus
1270 2595 1435 2670 mutuatis,

487 2697 575 2783 quod
599 2699 692 2763 unius
714 2712 773 2776 est,
798 2700 910 2764 transit
933 2699 974 2762 ad
997 2698 1141 2763 alterum.
1188 2698 1240 2761 Sic
1267 2700 1380 2780 utique
1404 2709 1436 2760 et

487 2800 618 2866 scientia
629 2800 746 2866 dicitur
767 2801 879 2878 multa,
895 2822 997 2886 quum
1009 2813 1114 2865 tamen
1124 2797 1309 2873 multitudo,
1330 2819 1436 2860 rerum

487 2901 706 2987 potiusquam
727 2903 866 2966 scientim
881 2903 931 2966 sit.
977 2903 1010 2965 Si
1030 2925 1107 2986 ergo
1122 2900 1285 2985 sapientiae
1299 2898 1360 2964 Dei
1380 2897 1438 2960 im·

487 3003 635 3067 mensitas
649 3019 681 3066 et
697 3002 882 3086 simplicitas
900 3001 1096 3074 attendatur,
1114 3025 1178 3064 uua
1191 3015 1240 3065 est
1255 3000 1388 3086 simplex
1403 3012 1435 3064 et

486 3099 662 3165 individua.
702 3103 736 3164 Si
751 3101 983 3186 subjacentium
1004 3099 1191 3177 multitudo,
1204 3100 1375 3184 multiplex
1388 3114 1436 3165 est

488 3213 520 3264 et
545 3201 758 3266 multiformis.
806 3201 856 3266 Sic
887 3201 981 3265 etiam
1009 3201 1034 3265 si
1061 3199 1270 3266 substantiam
1300 3201 1437 3266 volentis

487 3317 544 3368 aut
558 3306 696 3392 potentis
719 3328 784 3392 qua
806 3305 887 3382 vult,
905 3316 962 3369 aut
976 3315 1093 3390 potest,
1114 3299 1271 3373 attendas,
1295 3321 1360 3361 una
1384 3317 1435 3368 est

487 3407 634 3472 voluntas
656 3421 688 3472 et
710 3420 861 3494 potestas.
906 3406 941 3472 Si
966 3429 1038 3490 quae
1064 3403 1134 3466 vult
1160 3415 1192 3466 et
1218 3423 1291 3485 qnoe
1315 3413 1434 3487 potest,

486 3508 629 3573 infinitus
651 3509 792 3572 omnium
815 3528 964 3571 numerus
985 3518 1051 3583 est3
1076 3505 1174 3590 juxta
1195 3501 1275 3567 illud
1298 3504 1435 3589 prophe-

487 3608 597 3684 ticum,
621 3613 762 3692 Magnus
787 3611 947 3673 Dominus
972 3620 1004 3672 et
1029 3629 1145 3692 magna
1168 3606 1272 3670 virtus
1293 3607 1375 3693 ejus,
1401 3620 1434 3671 ct

487 3709 648 3794 sapientiae
670 3711 740 3794 ejus
762 3733 824 3774 non
846 3723 896 3775 est
920 3730 1079 3774 numerus.
1126 3711 1285 3795 Itemque,
1314 3710 1438 3793 Magna

487 3833 583 3897 opera
606 3811 748 3890 Domini,
771 3811 933 3898 exquisita
958 3812 990 3876 in
1015 3835 1124 3877 omnes
1148 3811 1329 3876 voluntates
1354 3811 1435 3896 ejus.

487 3915 533 3978 Et
544 3913 634 3996 illud,
646 3915 725 3992 Quis
735 3914 885 4000 loquetur
893 3916 1052 4003 potentias
1064 3913 1214 3979 Domini?
1239 3915 1321 3978 Haec
1329 3927 1434 3977 autem

487 4037 537 4080 res
558 4016 725 4082 uniformis
746 4031 777 4082 et
798 4018 898 4094 varia,
922 4018 996 4082 licet
1018 4018 1119 4082 totius
1141 4015 1300 4081 varietatis
1324 4014 1435 4097 ignara

487 4117 540 4196 sit,
555 4118 649 4184 variis
669 4132 774 4183 tamen
795 4119 976 4184 nominibus
994 4120 1187 4205 appellatur,
1203 4117 1257 4182 sed
1281 4137 1320 4180 ex
1340 4113 1436 4178 variis

487 4219 597 4284 causis.
643 4220 782 4288 Scientia
804 4221 962 4308 siquidem
982 4234 1014 4286 et
1036 4220 1244 4306 praescientia,
1261 4215 1438 4302 dispositio,

487 4325 699 4412 providentia,
719 4336 751 4388 et
774 4322 1011 4410 praedestinatio
1033 4322 1245 4386 nominantur.
1292 4318 1355 4382 Sed
1378 4317 1435 4381 sci-
