3425 5367
332 749 402 794 cnr.
417 731 503 812 xxa]
676 750 931 796 eonrcmmcns.
1221 739 1279 797 111

330 899 415 964 entia
440 900 655 978 existentium,
679 901 879 986 praescientia
900 903 1093 980 futurorum,
1114 900 1282 986 dispositio

328 999 556 1082 faciendorum,
576 1002 777 1088 providentia
797 1001 1093 1088 gubernandorum,
1116 1001 1283 1088 praedesti-

328 1101 414 1166 natio
443 1103 665 1168 salvandorum
702 1117 759 1170 est.
819 1105 865 1170 Et
893 1118 942 1170 est
971 1104 1209 1190 praedestinatio
1238 1105 1281 1170 ab

330 1217 448 1268 aeterno
472 1205 586 1290 gratiae
614 1207 818 1292 praeparatio,
844 1229 902 1292 per
930 1229 1028 1292 quam
1058 1205 1280 1292 uuusquisque

329 1319 462 1372 vocatur
476 1307 516 1370 ad
533 1308 643 1384 vitam,
666 1308 748 1372 sicut
763 1308 809 1372 ait
826 1309 1014 1393 Apostolus,
1032 1310 1123 1386 Quos
1143 1307 1280 1390 praedes-

329 1407 455 1486 tinavit,
475 1409 534 1472 hos
555 1421 587 1472 et
606 1409 749 1482 vocavit3
776 1422 809 1474 et
827 1431 910 1494 quoa
927 1410 1063 1486 vocavit,
1084 1409 1143 1476 hos
1163 1423 1196 1475 et
1211 1411 1281 1494 jus-

330 1507 475 1586 tificavit,
490 1532 572 1595 quos
589 1523 698 1574 autem
715 1509 914 1594 justificavit,
936 1511 994 1574 hos
1010 1523 1043 1575 et
1058 1511 1282 1594 magnificavit.

331 1610 377 1673 Et
393 1609 486 1687 alius,
503 1610 604 1696 Apud
620 1623 652 1674 te
667 1623 725 1686 est,
741 1610 859 1696 inquit,
874 1611 946 1676 fons
960 1612 1048 1685 vitoe,
1063 1624 1096 1675 et
1114 1613 1147 1674 in
1163 1611 1282 1676 lumine

330 1723 389 1776 tuo
415 1709 594 1775 videbimus
623 1711 739 1774 lumen.
786 1713 832 1776 Ut
858 1732 935 1792 ergo
960 1710 1117 1774 reverenti
1143 1710 1282 1796 quadam

330 1811 464 1876 audacia
486 1812 615 1877 scientia
637 1813 700 1876 Dei
723 1835 797 1898 quae
819 1812 915 1876 finem
936 1812 1048 1891 nescit,
1070 1811 1119 1875 vel
1141 1834 1283 1876 sermone

329 1912 424 1976 finem
440 1914 597 1978 inveniat:
636 1915 767 1980 scientia
787 1918 850 1980 Dei
870 1927 918 1979 est
938 1917 1081 1979 omnium
1101 1929 1283 2002 quaesunt,

330 2014 472 2092 fuerunt,
493 2028 525 2080 et
546 2015 655 2082 futura
676 2030 763 2096 sunt,
782 2040 857 2082 vera
872 2017 1121 2102 comprehensio,
1136 2029 1169 2082 et
1188 2018 1283 2103 plena

330 2116 450 2182 notitia.
475 2121 589 2184 Omnia
601 2118 758 2204 siquidem
770 2141 843 2182 vera
855 2119 956 2196 novit,
966 2131 999 2183 et
1008 2118 1085 2200 sola,
1095 2117 1282 2204 nullamque

330 2217 482 2303 dignatur
497 2241 665 2304 agnoscere
679 2219 861 2284 falsitatem.
899 2221 981 2284 Eam
995 2231 1100 2284 tamen
1115 2218 1282 2304 dijudicat,

330 2331 360 2382 et
387 2319 584 2384 condemnat.
630 2322 691 2385 Est
716 2321 817 2405 igitur
845 2321 1020 2384 necessario
1045 2320 1180 2396 infinita,
1206 2342 1283 2405 quoe

330 2421 478 2486 universa
500 2444 575 2486 vera
596 2421 829 2507 complectitur,
851 2443 990 2506 quorum
1012 2421 1125 2506 ntique
1146 2443 1210 2484 non
1232 2435 1280 2486 est

330 2543 494 2600 numerus,
516 2533 571 2584 aut
595 2521 675 2584 adeo
696 2521 850 2601 infinitus,
873 2535 908 2587 ut
931 2523 1026 2586 finem
1046 2544 1109 2585 non
1130 2522 1282 2599 inveniat,

332 2623 392 2686 nisi
414 2623 446 2686 in
470 2621 623 2706 sapientia
647 2621 718 2701 Dei,
740 2645 813 2707 quaa
839 2622 906 2686 sola
927 2623 1061 2707 seipsam
1084 2635 1205 2707 quanta
1230 2623 1282 2697 sit,

333 2725 431 2790 novit.
478 2722 566 2786 Nihil
587 2722 687 2808 igitur
706 2744 815 2786 eorum
834 2746 909 2807 quae
924 2724 1025 2802 novit,
1040 2724 1190 2807 qnoniam
1210 2744 1284 2784 vera

333 2839 421 2901 sunt,
443 2827 613 2902 evanescit,
632 2824 840 2909 omniumque
857 2823 1097 2908 dispositorum,
1116 2823 1285 2909 praesentia

334 2927 418 3000 sint,
455 2939 618 3011 praeterea,
640 2947 679 2988 an
702 2925 825 3002 futura,
848 2925 975 2990 initium
998 2937 1031 2989 et
1052 2947 1148 2990 cansa
1169 2925 1284 2990 veritas

332 3042 390 3092 est.
437 3026 605 3092 Psalmista
620 3025 777 3110 siquidem
792 3029 856 3092 ait:
896 3025 1093 3112 Principium
1115 3025 1283 3090 verborum

334 3141 462 3196 tuorum
489 3127 615 3203 veritae,
642 3151 717 3214 quae
743 3127 832 3194 nullo
857 3127 985 3192 defectu
1011 3128 1063 3192 sui
1089 3125 1283 3192 transibunt.

332 3229 529 3294 Transibunt
552 3242 656 3292 tamen
680 3228 795 3294 coelum
818 3243 851 3294 et
874 3243 969 3304 terra,
992 3230 1144 3314 quoniam
1165 3242 1198 3292 et
1223 3231 1284 3292 hoc

333 3333 373 3396 de
387 3331 493 3395 verbis
509 3330 652 3394 veritatis
671 3343 737 3394 est:
762 3345 838 3394 tunc
854 3332 967 3415 utique
987 3352 1061 3394 cum
1081 3329 1284 3392 deformitate

333 3432 443 3498 mundi
464 3445 614 3519 purgata,
628 3431 855 3496 reformabitur
876 3430 995 3495 coelum
1014 3450 1133 3493 novum
1154 3439 1187 3491 et
1201 3440 1286 3491 terra

334 3555 426 3598 nova.
473 3534 596 3598 Sentiat
612 3532 832 3620 unusquisque
852 3532 940 3620 quod
961 3532 1022 3597 Dei
1038 3531 1118 3596 fides
1132 3528 1183 3592 vel
1204 3528 1286 3593 ratio

335 3635 524 3720 persuadet;
559 3659 618 3720 ego
642 3637 709 3700 sine
734 3635 923 3722 praejudicio
949 3633 1115 3700 sententiaa
1138 3630 1286 3710 melioria,

336 3758 409 3800 vera
424 3736 526 3802 modis
539 3736 570 3800 in
586 3736 734 3802 omnibus
742 3737 881 3802 arbitror
895 3736 1034 3802 infinita:
1059 3756 1161 3821 quum
1172 3733 1204 3796 in
1217 3754 1285 3796 om·

334 3839 430 3904 nibus
443 3859 516 3924 qua
528 3851 602 3904 sunt
612 3852 644 3904 et
660 3861 734 3926 quaa
744 3861 806 3902 non
822 3853 907 3914 sunt,
922 3839 963 3902 ab
977 3836 1070 3902 initio
1080 3857 1148 3898 esse
1161 3855 1286 3898 necesse

337 3940 391 4018 sit,
407 3939 457 4006 vel
478 3961 540 4004 non
560 3963 647 4016 esse;
671 3955 703 4006 et
725 3962 835 4004 eorum
856 3963 932 4025 qnae
953 3933 1209 4004 contradictoria
1228 3956 1285 4020 op·

336 4055 513 4129 ponuntur,
528 4043 662 4108 alterum
686 4065 810 4129 semper
831 4064 871 4106 ex
893 4040 1079 4106 necessitate
1101 4037 1141 4102 sit
1164 4057 1286 4102 verum.

339 4145 446 4208 Tanta
460 4167 537 4230 ergo
554 4145 781 4210 numerositate
802 4143 899 4208 semel
913 4156 945 4208 et
959 4142 1055 4206 simul
1070 4159 1216 4204 verorum
1231 4158 1288 4199 ex·

338 4245 448 4323 crevit,
469 4259 526 4312 aut
547 4247 654 4332 potius
673 4245 781 4312 extitit
800 4257 1019 4320 numeroque
1037 4241 1167 4306 omuino
1186 4236 1286 4302 minui

339 4359 474 4431 nequeat
493 4347 543 4411 vel
557 4347 680 4434 augeri,
695 4361 726 4412 et
748 4367 980 4432 usquequaque
994 4344 1027 4407 in
1041 4361 1147 4404 oevnm
1162 4347 1287 4400 maneat
