3425 5367
325 730 395 777 cnr.
411 715 475 790 vn]
684 724 937 771 ronrcasrrcos.
1240 707 1281 767 37

326 879 413 944 tione
428 880 611 966 quiesceret.
644 877 690 942 Ut
704 897 779 938 vero
794 872 936 937 nondum
959 870 1118 937 reveletur
1132 871 1274 958 spiritus,

324 980 381 1064 qni
403 979 481 1045 latet
503 980 534 1043 in
557 979 661 1056 litera,
683 976 901 1061 aequissimum
923 986 971 1038 est
992 974 1129 1037 animam
1149 972 1277 1056 cognati

322 1082 447 1164 generis
455 1082 559 1166 gratia
570 1100 796 1157 mansuescere,
807 1090 838 1141 et
851 1098 975 1139 omnem
988 1075 1150 1140 dediscere
1161 1074 1276 1137 aliena-

323 1182 451 1261 tionem,
461 1204 562 1269 quum
578 1182 606 1245 ei
622 1180 749 1266 proprie
764 1191 935 1243 concentus
949 1174 1090 1262 originis,
1101 1174 1135 1241 et
1149 1176 1275 1239 naturae

323 1284 461 1348 melioris
470 1308 583 1349 arcana
593 1283 759 1347 resultant.
781 1285 863 1347 Eam
874 1304 914 1343 ex
925 1282 1139 1343 consonantiis
1147 1276 1275 1341 musicis

321 1402 388 1443 esse
411 1381 630 1467 compositam,
650 1402 744 1464 quam
768 1378 980 1463 plurimorum
1002 1378 1111 1463 opinio
1133 1377 1182 1441 rel
1205 1400 1274 1441 sen-

320 1482 422 1545 tentia
436 1495 494 1546 est.
539 1480 657 1544 Totius
671 1480 754 1543 enim
769 1478 981 1564 philosophias
998 1478 1147 1565 princeps
1166 1478 1272 1552 Plato,

323 1581 364 1662 (si
381 1594 486 1646 tamen
499 1581 692 1647 Aristoteliei
708 1580 925 1665 acquiescunt)
939 1602 1042 1664 quum
1053 1575 1127 1641 'eam
1143 1601 1184 1642 ex
1199 1580 1273 1643 sub-

322 1684 441 1747 stantia
456 1682 587 1747 dividua
599 1700 631 1747 et
646 1680 813 1746 individua
827 1679 981 1759 finxisset,
992 1692 1024 1743 et
1038 1679 1147 1744 eadem
1160 1692 1275 1742 natura

320 1783 490 1870 plasmaret
510 1793 542 1847 et
559 1783 694 1862 diversa,
711 1781 812 1869 ipsam
837 1803 899 1844 non
924 1803 1016 1866 posse
1040 1794 1184 1845 constare
1207 1803 1273 1844 cre·

319 1884 415 1963 didit,
424 1884 483 1949 nisi
495 1882 643 1963 limitum,
656 1883 711 1971 qui
724 1883 885 1967 utrimque
892 1876 1070 1945 'multifaria
1082 1876 1220 1946 sectione
1231 1882 1273 1947 ab

319 1985 439 2051 unitate
455 1984 684 2072 profluxerant,
706 1982 936 2059 dissidentiam,
953 1978 1118 2060 hemioliis,
1134 1983 1271 2069 epitritis

319 2098 352 2151 et
385 2086 538 2173 epogdois
573 2087 684 2151 uniret.
736 2084 871 2151 Limatis
899 2098 931 2149 et
965 2077 1132 2149 commatis
1161 2085 1285 2149 babita‘

320 2186 451 2264 ratione,
462 2199 498 2251 ut
508 2186 568 2251 sub
580 2186 779 2273 expressione
788 2208 975 2272 paucorum,
983 2186 1012 2249 ei
1020 2198 1270 2273 quantacunque

321 2286 470 2352 distantia
503 2286 749 2373 repugnantium
785 2285 964 2363 concordia,
993 2287 1120 2370 cognati
1147 2286 1272 2371 generis

321 2388 467 2455 societate
478 2389 631 2453 doceatur
641 2412 707 2453 esse
723 2388 866 2453 linitima.
893 2387 991 2452 Unde
1003 2412 1118 2452 arcano
1128 2389 1269 2475 quodam

320 2504 425 2555 meatu
449 2503 583 2567 naturae,
605 2491 794 2577 secretisque
816 2489 984 2570 cuniculis,
1003 2490 1181 2555 vivacitatis
1203 2514 1270 2555 suae

320 2590 429 2675 vigore
449 2612 506 2677 per
524 2591 673 2654 universa
695 2590 855 2665 discurrit,
877 2602 908 2651 et
931 2590 1033 2653 cuivis
1050 2604 1176 2655 naturae
1195 2596 1271 2657 sub·

319 2690 505 2776 stantiaeque
520 2687 701 2767 conformis,
711 2688 853 2763 rationis,
870 2710 990 2763 sensus,
1000 2690 1076 2752 vitae
1089 2691 1122 2752 in
1138 2691 1272 2773 singulis

317 2814 377 2877 pro
404 2792 523 2855 divinae
549 2788 793 2875 dispensationis
815 2788 945 2852 decreto
966 2788 1134 2854 efficaciam
1157 2792 1269 2857 modu-

318 2891 416 2955 latur.
462 2888 619 2953 Omnibus
643 2888 751 2974 itaque
780 2887 930 2951 alimenta
957 2888 1131 2975 dispensat,
1157 2904 1189 2955 et
1218 2895 1269 2957 sui

317 2990 459 3081 puritate
468 2990 554 3076 viget
567 2991 598 3054 in
612 2990 752 3077 singulis,
763 2990 929 3056 nisimolis
940 3015 1101 3079 corporeae
1108 2995 1269 3079 gravitate

315 3105 498 3182 promotum
533 3105 589 3157 aot
616 3093 877 3177 tranquillitatem
905 3095 1049 3181 spiritus,
1072 3096 1265 3163 exteriorum

317 3195 518 3260 tumultuum
543 3194 674 3281 spiritus
698 3195 868 3260 concutiat.
913 3199 986 3271 Qua
1008 3200 1161 3278 irruente,
1186 3200 1265 3285 quid

315 3310 421 3382 potest
447 3320 513 3361 esse
543 3296 711 3375 salubrius,
737 3320 834 3382 quam
862 3296 901 3375 si,
923 3310 961 3361 ut
986 3299 1033 3362 ita
1057 3286 1265 3377 dicamssuis

316 3410 439 3463 naturae
453 3399 584 3464 vocibus
598 3421 617 3461 a
632 3400 861 3483 compressione
874 3397 1042 3460 turbarum
1058 3400 1100 3462 ad
1115 3422 1148 3463 se
1162 3401 1264 3485 ipsam

314 3500 418 3564 anima
440 3496 629 3563 revocetur?
662 3499 748 3577 Quid
770 3498 911 3584 denique
931 3516 1111 3565 nostrorum
1135 3502 1262 3587 spiritui

314 3612 417 3687 potest
430 3622 496 3665 esse
505 3600 639 3665 similius
649 3604 745 3665 vore?
760 3623 834 3686 quoe
844 3621 948 3687 quum
958 3601 1010 3665 bic
1019 3601 1184 3682 formetur,
1197 3618 1262 3671 tam
1355 3642 1361 3651 ·

312 3700 409 3783 facili,
423 3724 517 3789 quam
542 3700 693 3767 invisibili
708 3715 739 3767 et
760 3701 912 3767 ineffabili
935 3704 1071 3768 transitu
1086 3705 1260 3772 multorum

312 3804 562 3891 circumquaque
576 3804 679 3889 replet
692 3804 850 3883 auditum,
865 3817 898 3869 et
913 3806 942 3869 vi
958 3827 1016 3869 sua
1030 3828 1198 3891 corporum
1214 3810 1262 3874 in-

314 3920 434 3994 tegram
458 3920 603 3993 penetrat
625 3906 826 3989 densitatem,
844 3922 877 3973 et
899 3907 990 3994 quasi
1013 3920 1101 3972 tactu
1121 3910 1259 3994 quodam

312 4024 418 4075 movet
433 4010 585 4091 animum,
600 4024 631 4076 et
644 4033 703 4098 pro
718 4008 850 4075 arbitrio
870 4033 927 4074 suo
942 4030 1026 4074 nuuc
1041 4008 1160 4096 dejicit,
1175 4034 1261 4078 nunc

312 4110 445 4176 extollit.
491 4113 599 4193 Certe,
622 4110 680 4177 etsi
706 4110 794 4175 nulla
819 4110 941 4176 ratione
963 4111 1004 4176 sit
1026 4112 1167 4197 spiritus,
1190 4136 1258 4177 eam

310 4209 472 4294 quoddam
489 4210 669 4277 vehiculum
682 4208 812 4297 spiritus
827 4234 893 4276 esse
904 4210 1111 4276 certissimum
1128 4226 1185 4276 est.
1212 4214 1258 4278 Et

312 4332 396 4375 nunc
407 4312 536 4397 quidem
548 4313 735 4391 humanum,
746 4336 830 4378 nunc
842 4313 997 4389 divinum,
1009 4333 1093 4375 nunc
1104 4326 1135 4375 et
1146 4313 1261 4397 pytho-
