3425 5367
298 811 368 855 oar.
385 795 433 870 v.]
641 807 895 856 ronrcaarrcns.
1188 799 1248 857 ssl

298 961 471 1047 suscipiens
484 960 598 1039 filium,
614 959 791 1024 Ismaelem.
836 961 940 1026 Jacob
961 983 1090 1048 quoque
1105 983 1247 1028 sororum

296 1062 356 1125 sibi
370 1061 536 1147 duplicato
557 1062 718 1147 conjugio,
739 1061 906 1125 foecundas
927 1063 1098 1127 earundem
1120 1064 1249 1129 ancillas

296 1163 439 1228 adscivit.
485 1163 592 1248 Atqui
603 1185 693 1247 reges
704 1176 867 1249 perpetuae
883 1164 1105 1249 prohibitionis
1116 1164 1250 1252 laqueus

297 1276 394 1336 tenet,
408 1277 439 1330 et
451 1288 471 1327 a
482 1264 622 1350 plurium
637 1285 767 1327 uxorem
780 1265 984 1348 amplexibus
995 1279 1091 1341 arcet,
1103 1275 1135 1329 et
1151 1289 1249 1351 quum

296 1365 328 1428 in
351 1366 421 1429 aliis
443 1365 550 1451 plures
572 1365 667 1429 nnius
693 1388 760 1430 esse
782 1364 905 1429 licitum
936 1366 1044 1444 fuerit,
1066 1366 1097 1430 in
1121 1367 1250 1452 regibus

296 1481 453 1553 perpetuo
464 1468 598 1544 obtinet,
611 1481 648 1532 ut
663 1467 829 1531 unsunius
840 1467 891 1531 sit.
917 1468 1075 1554 Nunquid
1091 1469 1251 1550 fornicari,

298 1568 346 1631 rel
361 1568 546 1644 adulterari,
563 1582 753 1654 stuprumve
768 1569 966 1632 committere
976 1569 1050 1633 licet
1062 1591 1133 1632 cum
1151 1571 1252 1656 pluri-

298 1671 369 1744 bus,
385 1691 485 1755 quum
502 1693 559 1734 nec
574 1670 669 1734 etiarn
684 1669 808 1754 generis
824 1669 1060 1756 multiplicandi
1075 1695 1182 1749 causa,
1197 1687 1253 1738 aut

298 1772 485 1858 procreandi
508 1771 651 1848 heredes,
668 1771 761 1836 liceat
784 1771 938 1836 uxoribus
953 1772 1142 1838 admisceri?
1166 1777 1253 1849 Quo-

298 1874 394 1937 modo
420 1887 543 1960 stupra,
569 1873 739 1952 adulteria,
764 1885 821 1938 aut
846 1873 1006 1960 quaslibet
1030 1874 1253 1939 fornicationes

298 1975 411 2060 puniet
442 1988 582 2059 potestas
611 1975 730 2040 eisdem
757 1973 900 2058 subjecta
929 1976 1139 2041 criminibus?
1186 1977 1253 2042 Nec

299 2101 413 2143 uxores
436 2077 541 2142 David
571 2076 742 2164 quisquam
765 2077 906 2163 objiciat,
929 2077 986 2163 qui
1009 2078 1091 2142 forte
1120 2078 1152 2142 in
1182 2079 1253 2155 hoc,

299 2181 381 2245 sicut
404 2195 436 2244 et
459 2179 493 2242 in
520 2179 631 2244 multis
655 2178 737 2256 aliis,
763 2179 893 2266 speciali
922 2178 1089 2265 privilegio
1118 2179 1252 2266 gaudet.

300 2283 393 2346 Licet
414 2281 507 2346 facile
528 2281 746 2358 concesserim,
770 2282 858 2367 quod
881 2293 913 2346 et
934 2281 1003 2368 ipse
1024 2282 1056 2345 in
1081 2283 1139 2347 hac
1161 2296 1253 2369 parte

299 2383 480 2469 deliquerit.
527 2383 609 2445 Sane
620 2403 693 2445 eum
705 2381 837 2446 affectus
849 2380 902 2444 ille
916 2383 1062 2463 uxorius,
1074 2383 1253 2468 proditione

300 2497 333 2549 et
348 2483 529 2556 homicidio,
545 2484 579 2546 in
594 2481 790 2546 adulterium
812 2482 956 2569 impegit,
973 2507 1030 2548 nec
1051 2484 1081 2547 in
1098 2485 1184 2550 illius
1199 2510 1255 2551 ex·

300 2586 463 2650 curatione
486 2585 605 2664 laboro,
636 2584 693 2671 qni
722 2583 910 2670 prophetica
936 2598 1110 2650 conventus
1131 2599 1162 2652 et
1183 2611 1256 2652 con-

301 2687 404 2751 victus
418 2685 582 2771 parabola,
598 2685 736 2771 seipsum
753 2685 857 2747 virum
876 2685 988 2750 mortis
1002 2708 1069 2748 esse
1079 2687 1255 2770 respondit.

303 2789 415 2854 Habes
428 2788 538 2873 itaque
553 2808 671 2870 regem,
685 2807 758 2850 cum
780 2785 909 2868 regibus
939 2786 1177 2872 delinquentem
1191 2813 1200 2866 ;
1223 2802 1255 2854 et

302 2891 424 2956 utinam
447 2911 520 2952 cum
544 2888 717 2974 poeniteote
739 2887 925 2972 poeniteant,
948 2901 979 2954 et
1002 2889 1163 2956 fateantur
1182 2913 1255 2955 cum

302 2993 475 3055 confitente
493 2989 632 3075 culpam,
650 3002 682 3053 et
703 2988 931 3053 satisfacientes
953 3011 1027 3055 cum
1046 2988 1257 3056 satisfaciente

302 3103 505 3156 revertantur
519 3091 560 3154 ad
576 3090 685 3156 vitam.
709 3094 816 3176 Ipsam
828 3113 959 3177 quoque
971 3091 1156 3178 sapientiam
1170 3093 1258 3159 Salo-

302 3193 404 3256 monis
418 3191 587 3256 mulierum
602 3191 772 3255 infatuavit
789 3213 887 3257 amor.
927 3193 1094 3278 Sequitur:
1119 3197 1186 3258 Nec
1202 3195 1257 3259 hs-

301 3295 391 3360 bebit
401 3295 525 3379 argenti
535 3306 567 3358 et
578 3292 648 3356 auri
659 3291 811 3357 immensa
820 3291 971 3378 pondera.
1016 3295 1102 3359 Eant
1114 3317 1210 3374 nunc,
1225 3309 1257 3361 et

303 3395 442 3460 Domino
457 3393 658 3480 prohibente,
670 3405 838 3476 argentum
855 3391 916 3456 sibi
931 3403 963 3457 et
975 3415 1088 3456 aurum
1102 3393 1258 3458 thesauri·

303 3515 387 3574 aeut,
399 3497 550 3562 facientes
560 3519 600 3562 ex
610 3493 947 3580 columnisquaestum‚
958 3493 998 3558 de
1009 3497 1257 3583 paupertatibus

302 3599 436 3664 aliorum
452 3597 680 3664 abundantiam
702 3610 862 3682 quaerant,
877 3595 917 3660 de
933 3597 1052 3682 rapinis
1073 3597 1209 3679 divitias,
1224 3613 1257 3666 et

304 3701 497 3788 singularem
520 3699 580 3764 sibi
602 3699 834 3764 beatitudinem
858 3711 1001 3764 statuant
1023 3700 1056 3764 in
1079 3699 1258 3768 calamitate

304 3803 492 3868 multorum.
538 3802 601 3866 Sed
631 3802 753 3888 copiam
785 3801 962 3867 Salomonis
990 3801 1102 3887 objicit
1131 3803 1257 3889 aliquis.

305 3908 397 3985 Esto,
421 3905 598 3992 principem
623 3902 814 3988 locupletem
842 3902 911 3966 fieri
936 3925 998 3966 non
1014 3903 1179 3987 prohibeo,
1203 3905 1258 3970 sed

304 4029 444 4071 avarum.
461 4007 575 4070 Nonne
585 4026 699 4068 aurum
709 4015 741 4068 et
750 4015 919 4088 argentum
933 4002 1260 4092 Salomonistempore

305 4107 492 4174 viluerunt?
516 4109 589 4172 Non
614 4106 726 4192 utique
743 4105 919 4183 viluissent,
935 4107 961 4170 si
984 4129 1093 4171 eorum
1109 4105 1261 4174 immensa

306 4209 457 4294 pondera,
480 4223 512 4274 et
534 4231 607 4296 quae
632 4230 725 4272 usum
745 4207 946 4288 excederent,
963 4209 1023 4274 sibi
1040 4231 1098 4272 rex
1121 4210 1261 4298 cupidus

307 4314 522 4396 congessisset.
569 4313 723 4375 Potuerat
748 4333 786 4374 aa
805 4311 837 4374 in
865 4323 980 4375 terram
1003 4311 1177 4393 defodiens,
1197 4336 1263 4398 quo

306 4413 431 4478 cariora
455 4412 580 4492 fierent,
598 4411 748 4476 humanis
771 4411 884 4476 usibus
909 4411 1115 4478 subtraxisse.
1162 4414 1264 4500 Apud
