3425 5367
309 751 377 796 css.
394 731 463 811 xv]
680 746 933 792 eonsensrrcus.
1217 729 1259 790 85

310 901 424 966 dextra
446 899 629 974 contineret,
652 898 683 961 in
706 898 778 964 aeris
802 898 934 962 materia
959 899 1027 962 fieri
1053 898 1257 964 studuerunt.

311 1005 361 1067 Ea
383 1025 457 1066 vero
480 1001 618 1088 perlecta
641 1001 673 1064 in
696 1001 798 1064 forma
820 1001 960 1087 egregia,
976 1013 1111 1066 venusta
1129 1001 1259 1087 quanti·

310 1117 384 1180 tate,
400 1115 475 1190 apta
491 1103 630 1189 partium
647 1100 865 1187 dispositione,
876 1101 1027 1166 membris
1040 1122 1171 1187 quoque
1185 1123 1258 1164 con-

310 1206 506 1284 decentibus,
525 1217 558 1268 et
576 1203 636 1267 sibi
657 1203 790 1266 invicem
813 1203 1067 1288 congruentibus
1089 1201 1256 1279 universis,

309 1327 410 1391 quum
430 1326 493 1367 non
514 1317 578 1367 tam
594 1302 706 1388 populi
720 1303 995 1380 examinationem,
1011 1326 1107 1389 quam
1124 1303 1259 1368 admira-

311 1405 440 1480 tionem,
456 1405 551 1490 plena
565 1404 615 1467 sui
630 1403 903 1468 commendatione
916 1404 1110 1490 deposceret,
1125 1406 1256 1492 quidam

311 1505 393 1569 solas
422 1503 518 1567 tibias
546 1514 645 1566 tantoe
673 1501 749 1564 moli
783 1503 982 1587 perferendae
1010 1505 1165 1569 inhabiles
1192 1530 1259 1571 esse

310 1605 431 1671 causati
447 1617 532 1670 sunt.
570 1603 696 1682 Quibus
710 1604 800 1668 faber
815 1605 995 1691 respondit3
1016 1629 1069 1670 eas
1080 1631 1260 1694 usquequa·

311 1733 377 1797 que
403 1707 556 1785 sufficere,
580 1707 680 1771 donec
703 1707 795 1792 virgo
817 1721 955 1792 pareret,
976 1709 1105 1773 omnino
1129 1711 1260 1776 credens

310 1809 536 1897 impossibilem
553 1808 682 1893 virginis
697 1822 835 1894 partum.
882 1808 976 1887 Quod
992 1823 1024 1875 et
1039 1810 1170 1877 Christo
1185 1826 1262 1877 nato

311 1911 477 1998 impletum
493 1925 550 1986 est,
573 1933 611 1976 ea
633 1923 799 1974 corruente
813 1922 845 1974 et
861 1911 973 1990 fracta,
987 1912 1064 1998 quia
1086 1913 1259 1980 humanum

311 2013 519 2089 contrahitur,
535 2012 590 2077 ubi
606 2011 749 2076 divinum
765 2011 934 2097 imperium
950 2012 1113 2079 dilatatur.
1151 2018 1257 2094 Quum
1330 2083 1334 2090 ,

312 2139 386 2179 vero
401 2139 450 2179 res
464 2137 521 2202 per
532 2117 669 2200 quietem
685 2113 747 2177 alio
762 2115 932 2179 nunciante
946 2114 1136 2193 clarescit,si
1153 2135 1258 2185 tamen

311 2218 506 2283 enunciantis
522 2217 653 2281 honesta
672 2216 787 2301 cuique
806 2238 942 2303 persona
957 2218 997 2283 sit
1012 2233 1043 2283 et
1060 2223 1257 2301 venerabilis,

311 2319 342 2382 in
365 2319 560 2384 oraculorum
589 2318 723 2404 speciem
747 2317 843 2383 cadit.
888 2323 951 2384 Est
977 2321 1061 2386 enim
1087 2325 1261 2406 oraculum,

311 2433 348 2484 ut
362 2421 407 2484 ait
423 2418 565 2505 quidam,
577 2417 686 2482 divina
701 2417 847 2484 voluntas
862 2441 917 2482 ore
932 2420 1069 2486 bominis
1083 2425 1259 2491 enunciata.

313 2520 462 2586 Hominis
496 2542 571 2584 vero
606 2519 817 2606 appellatione
854 2535 1012 2600 censetur,
1042 2526 1199 2613 quicquid
1229 2529 1260 2592 in

313 2621 416 2708 specie
436 2621 571 2684 hominis
591 2620 727 2700 videtur,
747 2621 851 2696 homo,
873 2621 1005 2705 augelus
1025 2624 1077 2700 sit,
1097 2647 1136 2689 an
1161 2632 1263 2710 Deus,

312 2744 351 2786 an
377 2720 501 2808 qnaevis
526 2719 589 2784 alia
611 2732 768 2783 creatura.
813 2724 952 2786 Persona
974 2737 1081 2788 autem
1106 2729 1264 2814 cujusque

311 2823 446 2886 honesta
467 2835 514 2884 est
536 2834 568 2883 et
592 2820 790 2898 venerabilis,
813 2835 871 2885 sut
897 2835 1023 2901 natura,
1046 2838 1082 2890 ut
1107 2834 1261 2912 parentis3

313 2937 371 2988 aut
386 2920 578 3000 conditione,
592 2934 628 2986 ut
642 2921 783 2997 domini3
807 2937 865 2988 aut
880 2925 1033 3006 moribus,
1048 2941 1085 2992 nt
1101 2929 1260 3016 religiosi;

313 3039 369 3090 aut
393 3024 533 3103 fortuna,
554 3037 589 3088 ut
611 3025 834 3109 magistratus;
867 3039 925 3091 aut
944 3027 1105 3114 religione,
1129 3047 1164 3099 ut
1188 3033 1262 3113 Dei,

313 3127 439 3215 Angeli,
464 3127 649 3208 hominisve,
672 3132 769 3191 sacris
790 3142 822 3192 et
844 3130 1028 3195 ceremoniis
1050 3133 1167 3203 divinis
1187 3160 1262 3202 con·

314 3229 435 3294 secreti.
480 3232 532 3294 Ex
548 3252 614 3316 quo
628 3242 772 3315 apparet,
785 3229 844 3294 etsi
864 3254 927 3296 non
947 3234 1142 3319 simpliciter,
1157 3253 1262 3306 tamen

315 3331 487 3396 secundum
510 3330 602 3416 quid,
617 3353 766 3418 personas
785 3345 854 3395 arte
873 3334 1065 3418 conjectoria
1083 3359 1146 3402 non
1168 3345 1264 3407 modo

315 3432 473 3508 honestes,
504 3433 558 3498 sed
589 3446 622 3498 et
650 3433 852 3498 detestabiles
881 3436 1107 3503 venerabilium
1139 3446 1264 3511 nomine

315 3535 430 3600 claudi.
476 3535 566 3602 Sicut
592 3535 676 3602 enim
704 3535 880 3602 Catholicae
905 3539 1067 3626 religionis
1092 3543 1163 3623 viri,
1189 3573 1264 3616 vero

315 3639 396 3712 Deo,
411 3636 520 3724 eisque
534 3661 609 3724 quoe
624 3660 754 3702 munere
768 3639 838 3724 ejus
859 3663 947 3704 sacra
970 3655 1055 3725 sunt,
1069 3646 1153 3732 piam
1171 3673 1264 3718 vene.

316 3741 469 3804 rationem
497 3741 697 3826 impendunt,
719 3740 765 3804 ita
791 3741 959 3821 heretice,
981 3759 1012 3809 et
1037 3752 1265 3835 superstitiosa

315 3839 476 3926 religionis
513 3841 665 3918 homines,
695 3841 777 3908 dctis
806 3845 1000 3922 numinibus,
1029 3848 1128 3915 immo
1156 3857 1264 3938 potius

317 3943 398 4006 veris
420 3943 629 4020 daemonibus,
646 3963 678 4010 et
700 3945 933 4011 execrabilibus
953 3951 1049 4013 sacris
1065 3975 1187 4030 eorum,
1201 3980 1265 4022 non

316 4043 455 4109 debitam
472 4047 688 4124 reverentiam,
704 4070 779 4134 quae
793 4048 883 4112 nulla
896 4063 955 4128 est,
971 4051 1026 4115 sed
1046 4055 1267 4142 turpissimum

318 4143 468 4212 exhibent
484 4147 685 4214 famulatum.
723 4151 817 4228 Quod
833 4151 930 4217 latius
943 4175 982 4217 ex
997 4155 1163 4238 gentilium
1179 4161 1269 4228 libris

318 4246 489 4332 colligitur.
535 4248 655 4318 AEncns
669 4252 870 4318 oraculorum
891 4254 1019 4335 indicio,
1034 4260 1220 4344 promissam
1236 4279 1268 4328 et

314 4347 481 4432 quaesitam
498 4351 618 4416 invenit
634 4352 772 4430 ltaliam,
786 4367 817 4418 et
835 4353 866 4416 in
882 4377 918 4418 es
934 4377 996 4420 non
1013 4371 1076 4422 tsm
1089 4359 1268 4444 numinum,
