3425 5367
309 741 380 786 cau.
401 725 438 804 n]
655 731 910 784 eonrcnarrcus.
1205 723 1262 782 161

311 889 429 953 homini
438 889 585 955 alienum.
622 889 757 954 Virtutis
769 909 844 953 vero
856 911 1031 976 processus,
1041 887 1261 974 ambiguitatis

311 990 408 1076 hujus
430 989 548 1055 nodum
564 990 669 1071 solvit,
686 1013 786 1077 quum
810 1003 842 1054 et
865 991 1004 1054 comicus
1027 989 1106 1053 nihil
1128 989 1259 1053 humani

308 1090 445 1156 alienum
468 1115 487 1156 a
509 1115 541 1156 se
564 1105 700 1179 reputet,
719 1106 751 1158 et
772 1091 922 1176 magister
938 1092 1078 1158 coelestis
1098 1091 1258 1155 hominem

306 1193 424 1259 homini
453 1195 652 1280 diligendum
683 1195 827 1259 docuerit
860 1208 895 1260 ut
926 1219 959 1258 se
988 1195 1104 1281 ipsum.
1161 1191 1258 1257 Unde

305 1311 394 1380 patet
415 1296 583 1382 indignum
604 1319 670 1360 esse
691 1309 781 1361 tanto
804 1294 957 1380 magistro
976 1295 1181 1380 discipulum,
1201 1293 1258 1380 qui

307 1398 432 1462 veritati
455 1419 517 1461 non
541 1397 731 1482 congaudet,
754 1410 787 1462 et
809 1395 961 1460 adversus
983 1397 1122 1483 publicae
1148 1394 1257 1460 salutis

306 1496 412 1562 hostes
427 1520 488 1562 non
501 1497 710 1563 excandescit.
744 1500 812 1562 Eos
822 1519 898 1560 vero
913 1520 972 1582 pro
987 1510 1080 1584 parte
1094 1497 1259 1583 praesentis

305 1599 464 1685 opusculi,
475 1599 678 1685 aliquatenus
694 1600 795 1683 tangit
808 1598 958 1672 intentio;
983 1616 1015 1662 et
1025 1618 1127 1683 nugas
1134 1616 1258 1674 eorum,

307 1723 374 1786 quo
390 1709 494 1786 potest
509 1713 541 1765 et
556 1701 732 1781 consuevit,
748 1698 812 1764 telo
826 1697 977 1763 decutiet.

380 1958 458 2044 Cap.
478 1967 504 2025 l.
531 1960 619 2038 Quid
628 1960 673 2021 sit
686 1960 777 2022 satas
790 1960 984 2024 universales
998 1967 1031 2021 et
1040 1958 1184 2040 publiea.

349 2091 417 2158 Esr
431 2092 527 2179 igitur
538 2093 623 2160 salus
637 2093 775 2180 publica,
788 2115 862 2180 quae
875 2093 1036 2159 universos
1045 2092 1140 2171 fovet,
1153 2105 1187 2158 et
1195 2094 1257 2159 sin·
1276 2161 1281 2168 ,

303 2193 706 2278 gulos,incolumitasvitae.
730 2195 818 2260 Nihil
828 2196 914 2260 enirn
924 2195 1046 2260 homini
1056 2197 1258 2282 praestantius

304 2295 368 2362 vita
379 2299 461 2385 ejus:
474 2299 694 2364 incolumitate
704 2298 789 2379 vitae,
799 2298 878 2362 nihil
888 2299 1055 2363 salubrius.
1080 2299 1256 2364 Hominem

303 2419 378 2464 vero
392 2413 535 2466 censtme
550 2423 590 2465 ex
599 2400 707 2466 anima
722 2399 878 2477 rationali,
888 2413 921 2465 et
936 2423 1030 2465 carue
1046 2401 1254 2487 corruptibili,

304 2501 427 2588 antiqui
456 2501 615 2588 sapientes
637 2499 840 2568 definierunt.
887 2501 971 2566 Caro
991 2500 1149 2587 siquidem
1180 2501 1259 2568 vivit

302 2601 345 2666 ab
359 2602 477 2686 anima,
491 2625 591 2690 quum
612 2601 740 2668 aliunde
756 2602 880 2688 corpori
896 2601 960 2667 rita
979 2625 1127 2668 essenon
1147 2605 1255 2689 possit,

306 2703 393 2791 quod
414 2726 541 2791 semper
552 2704 676 2770 iuertiae
691 2726 759 2769 suae
781 2714 908 2790 torpore
923 2705 1068 2792 quiescit,
1091 2705 1152 2770 nisi
1167 2706 1258 2792 spiri·

304 2805 399 2872 tualis
415 2818 537 2872 naturae
549 2806 706 2872 beneficio
720 2819 896 2870 moveatur.
943 2811 1027 2873 Haec
1040 2820 1148 2872 autem
1160 2807 1258 2874 habet

304 2921 339 2974 et
361 2908 429 2997 ipsa
444 2909 542 2974 vitam
567 2931 667 2977 suam.
713 2909 804 2974 Deus
825 2909 945 2974 etenim
972 2911 1037 2975 vita
1060 2909 1177 2975 animae
1199 2927 1258 2977 est.

305 3013 414 3090 Quam
428 3013 619 3080 senteutiam
639 3013 864 3078 modernorum
881 3013 1011 3102 quidam
1033 3015 1172 3101 graviter
1184 3017 1256 3105 qui-

304 3116 379 3182 dem
394 3130 428 3183 et
442 3140 528 3202 vere,
542 3117 618 3184 licet
632 3117 765 3184 metrica
779 3117 910 3184 levitate
924 3119 1109 3206 complexus
1123 3133 1181 3201 est,

409 3237 474 3292 Vita
484 3237 579 3292 murae
592 3236 665 3290 Deus
677 3241 726 3302 est,
738 3237 795 3290 haec
806 3238 928 3308 corporis,
937 3238 988 3290 hac
998 3237 1117 3306 fugiente

479 3321 592 3376 Solvitur
601 3321 661 3386 lios,
673 3324 741 3394 perit
752 3322 809 3376 haee
821 3323 981 3375 destituente
995 3322 1064 3376 Deo.

307 3425 396 3490 Sicut
406 3445 483 3512 ergo
489 3424 613 3512 corpori
624 3423 728 3490 vivere
740 3435 788 3490 est
798 3424 948 3509 vegetari,
961 3424 1081 3490 moveri
1090 3425 1254 3507 unanima,

305 3539 339 3592 et
360 3527 563 3614 dispositione
586 3527 633 3592 sui
649 3527 788 3594 motibus
810 3527 928 3593 animae
949 3527 1161 3616 acquiescere,
1176 3540 1209 3593 et
1224 3529 1255 3593 ei

235 3709 243 3722 α
305 3629 442 3716 quadam
475 3629 646 3696 obediendi
679 3630 866 3696 necessitate
896 3630 1107 3696 concordare:
1145 3629 1190 3696 sic
1219 3644 1253 3696 et

304 3730 411 3796 anima
425 3753 465 3796 ex
479 3753 519 3798 eo
538 3731 624 3810 vivit,
640 3733 726 3819 quod
746 3756 803 3800 suo
819 3734 915 3799 modo
936 3744 1111 3819 vegetatur,
1130 3745 1165 3799 et
1179 3757 1253 3800 rere

304 3847 482 3902 moratura
498 3835 579 3912 Deo,
595 3845 629 3900 et
642 3837 673 3900 ei
692 3838 835 3924 subjecta
853 3838 1022 3902 devotione
1040 3838 1252 3923 obtemperat,

304 3949 337 4004 et
351 3939 384 4004 in
399 3938 548 4004 omnibus
562 3937 744 4026 acquiescit.
791 3941 825 4006 si
841 3963 906 4027 quo
920 3939 1036 4020 minus,
1046 3950 1080 4004 et
1093 3961 1132 4004 eo
1148 3939 1254 4005 minus

303 4039 388 4106 vivit.
435 4041 520 4106 Nam
542 4053 576 4106 et
590 4061 713 4127 eorpus,
727 4063 792 4129 qua
807 4057 896 4127 parta
911 4041 960 4108 sui
975 4063 1038 4106 non
1054 4051 1199 4106 movetur
1213 4042 1255 4106 ab

303 4143 420 4220 anima,
446 4143 515 4228 jam
538 4141 571 4208 iu
594 4165 633 4208 ea
661 4155 822 4230 torporem
845 4143 955 4210 mortis
976 4143 1117 4208 incurrit.
1162 4145 1251 4208 Dum

303 4265 379 4328 ergo
394 4255 496 4308 totum
520 4244 605 4322 vivit,
629 4245 670 4310 ad
699 4267 770 4310 eam
792 4257 894 4310 toturn
917 4243 1104 4330 disponitur,
1125 4267 1199 4328 quae
1218 4269 1252 4310 se

306 4365 369 4410 non
386 4365 443 4430 per
455 4356 562 4430 partes
583 4345 724 4412 infundit
739 4345 894 4432 partibus,
910 4345 966 4410 sed
981 4353 1049 4408 tnta
1061 4353 1255 4457 angepe-

348 4467 419 4512 von.
436 4467 486 4512 ru.
773 4467 798 4510 u
