3425 5367
455 739 519 798 270
702 747 837 797 romnus
854 750 1131 813 saansnnnmusrs
1284 734 1363 813 [mn.
1381 753 1410 797 v.

456 912 544 966 tantu
558 902 777 989 multiplicitas
790 910 849 980 est,
866 912 988 988 quanta
1003 903 1068 965 fere
1090 915 1136 967 est
1157 902 1325 967 diversitas
1340 918 1410 989 per-

456 1022 614 1069 sonarum.
660 1004 793 1069 Publica
809 998 937 1091 quidem
954 1004 1058 1067 omnia
1073 1003 1258 1068 referuntur
1273 1004 1314 1069 ad
1330 1004 1411 1069 duas

457 1107 586 1195 species,
596 1118 653 1172 aut
664 1105 748 1171 enim
760 1126 780 1170 a
792 1105 913 1183 divino,
925 1116 981 1170 aut
992 1104 1033 1170 ab
1045 1106 1185 1169 humano
1196 1106 1272 1192 jure
1283 1106 1411 1170 descen·

456 1208 549 1273 dunt.
587 1210 669 1271 llaec
688 1221 794 1273 autern
813 1223 852 1271 ex·
869 1208 960 1271 libris
976 1202 1153 1271 officiorum·
1168 1206 1266 1271 latius
1288 1220 1412 1292 patent,

456 1310 513 1376 sed
537 1310 698 1396 pertinent
723 1310 765 1373 ad
794 1322 983 1395 praesentem
1009 1312 1192 1384 articulum,
1215 1322 1252 1375 ut
1276 1310 1411 1394 publicis

455 1410 565 1475 officiis
580 1411 756 1475 reverentia
773 1410 989 1496 impendatur.
1036 1410 1144 1473 Tanta
1160 1431 1300 1496 namque
1315 1410 1411 1475 debe-

456 1522 510 1576 tur
531 1512 587 1589 eis,
603 1525 724 1598 quanta
745 1524 793 1577 est
813 1510 983 1575 eminentia
1005 1510 1177 1595 cujuslibet
1195 1511 1409 1597 magistratus.

456 1614 551 1678 Hanc
576 1613 706 1700 quidem
733 1625 789 1677 aut
814 1613 984 1691 tacitam
1010 1611 1130 1677 indicat
1157 1612 1409 1699 uniuscujusque

455 1730 638 1804 competens
644 1714 839 1801 jurisdictio,
851 1700 950 1801 quum
964 1714 1140 1777 reverentia
1152 1717 1410 1799 magistratuum,

454 1831 512 1883 eut
541 1831 742 1903 contemptus
770 1815 929 1880 redundet
959 1814 990 1878 in
1020 1814 1182 1895 honorem,
1213 1828 1268 1879 aut
1299 1829 1410 1880 contu-

454 1919 580 1983 meliam
602 1919 828 2005 subjectorum.
868 1916 965 1980 Unde
980 1919 1013 1979 ln
1029 1917 1309 1981 constitutionibus
1325 1916 1410 2003 prin-

453 2021 573 2107 cipum,-
585 2030 618 2086 et
630 2022 877 2105 magistratuum
890 2018 1012 2095 edictis,
1022 2028 1079 2083 aut
1091 2018 1411 2105 promulgationibus,

454 2140 511 2210 per
533 2122 702 2207 prolepsim
727 2120 868 2206 plurium
891 2120 928 2183 iit
951 2121 1115 2206 conceptio
1135 2140 1353 2207 personarum,
1372 2130 1410 2184 ut

454 2243 517 2289 nun
539 2235 605 2288 tam
624 2238 780 2309 personae,
796 2241 893 2308 quarn
909 2220 1124 2287 universitatis
1139 2234 1207 2287 tota
1222 2222 1410 2287 constitutio

454 2326 601 2391 videatur
629 2344 707 2404 esse,
736 2324 787 2388 vel
817 2324 941 2411 quaevis
969 2324 1032 2389 alia
1060 2324 1285 2409 promulgatio.
1337 2322 1409 2387 Hoc

453 2430 549 2495 etiam
564 2430 651 2514 jura,
665 2432 716 2493 vel
737 2450 871 2492 canones
892 2428 1064 2513 ignoranti,
1080 2449 1120 2491 ex
1143 2450 1204 2491 usu
1226 2427 1410 2514 quotidiano

453 2532 659 2619 perspicuum
674 2542 733 2596 est.
766 2533 868 2595 Porro
879 2532 1031 2596 rationem
1043 2530 1230 2608 officiorum,
1241 2549 1303 2595 non
1315 2530 1409 2595 modo

453 2652 610 2699 canonum
632 2644 664 2699 et
686 2634 794 2719 legum
817 2634 906 2709 scita,
930 2632 1040 2697 sedet
1066 2632 1244 2697 ethicorum
1268 2632 1408 2696 omnium

453 2746 616 2823 praecepta
626 2747 838 2821 exequuntur.
871 2734 946 2797 Mos
961 2746 1067 2799 autem
1079 2744 1126 2798 est
1142 2734 1258 2797 mentis
1268 2734 1411 2811 habitus,

453 2858 496 2901 ex
518 2857 585 2923 quo
604 2837 800 2923 singulorum
824 2852 957 2921 operum
980 2835 1150 2900 assiduitas
1172 2848 1290 2899 manat.
1336 2836 1409 2897 Non

454 2936 537 3001 enim
561 2930 688 3023 siquid
712 2938 748 3001 lit
771 2936 867 2999 semel
889 2945 945 3001 aut
968 2934 1116 3023 amplius,
1139 2936 1246 2999 statim
1270 2934 1411 2999 moribus

454 3051 659 3123 aggregatur,
697 3038 756 3101 nisi
799 3037 988 3103 assiduitate
1028 3036 1161 3102 faciendi
1200 3050 1343 3101 vertatur
1378 3040 1409 3101 in

454 3157 558 3225 usum.
604 3138 669 3204 Hic
693 3152 801 3204 autem
824 3139 960 3204 virtutes
982 3152 1014 3205 et
1036 3139 1116 3204 vitia
1142 3162 1234 3225 aeque
1257 3139 1410 3225 complec-

454 3242 553 3327 titur„
570 3239 649 3305 ‘licet
679 3235 757 3305 vitia
786 3262 848 3305 non
878 3259 983 3305 mores
1012 3264 1090 3317 esse,
1115 3241 1171 3305 sed
1202 3259 1220 3303 a
1249 3239 1410 3325 plerisque

454 3341 602 3408 dicautur
616 3344 758 3409 moribus
773 3343 913 3407 obviare.
959 3346 997 3407 In
1013 3364 1080 3427 quo
1100 3341 1230 3426 planum
1253 3350 1312 3416 est,
1329 3338 1410 3403 solas

455 3445 591 3511 virtutes
607 3446 726 3511 censeri
747 3446 873 3509 nomine
895 3464 1029 3521 morum,
1050 3464 1150 3529 quum
1174 3443 1273 3506 bonos
1293 3448 1410 3519 tamen,

454 3555 511 3609 aut
531 3547 632 3611 mulos
653 3548 791 3611 dicimus
814 3566 927 3623 mores,
943 3546 1023 3611 vitia
1044 3542 1272 3629 distinguimus
1294 3556 1326 3607 et
1348 3543 1411 3606 vir·

453 3655 548 3709 tutes.
578 3647 676 3710 Unde
690 3657 830 3709 moratos
844 3666 864 3708 a
878 3646 974 3722 bono,
987 3646 1054 3711 sive
1070 3648 1256 3729 morigeros,
1268 3662 1407 3708 morosos

454 3761 529 3810 vero
544 3767 563 3810 a
577 3747 665 3813 vitiis
679 3748 890 3811 nominamus.
922 3748 1016 3825 Quod
1032 3760 1064 3811 et
1079 3751 1185 3833 ipsum
1201 3746 1412 3833 plenitudinis

453 3868 566 3914 nomen
580 3850 707 3917 videtur
721 3852 865 3930 innuere,
878 3872 978 3937 quum
995 3849 1074 3914 nulli
1091 3850 1123 3912 in
1139 3866 1232 3912 carue
1247 3846 1409 3930 contingat

453 3951 752 4020 adessesatietatem
774 3972 911 4029 morum,
927 3962 959 4015 et
980 3952 1089 4015 multis
1109 3950 1192 4013 adsit
1209 3944 1412 4032 superfluitas

453 4051 615 4117 vitiorum.
660 4058 770 4129 Quum
788 4054 899 4141 itaque
914 4054 1089 4118 amoribus
1105 4052 1177 4137 quis
1199 4047 1408 4112 reverentiam

453 4155 639 4219 contrahere
653 4155 826 4232 dicitur,ei
847 4160 984 4221 virtutes
1004 4152 1123 4238 quibus
1141 4152 1242 4214 honor
1257 4150 1411 4214 exbiben-

451 4256 515 4322 dus
529 4272 588 4334 est,
604 4259 703 4323 inesse
718 4259 924 4343 significatur.
955 4255 1037 4330 Quis
1050 4254 1132 4318 enim
1150 4275 1213 4317 non
1230 4261 1410 4329 veneretur,

451 4370 483 4423 et
504 4373 651 4425 vereatur
671 4361 773 4437 illum,
796 4382 890 4446 quem
914 4357 1117 4443 prudentem,
1139 4358 1267 4434 fortem,
1290 4368 1412 4439 tempe-
