3425 5367
449 763 490 821 96
707 773 843 818 rosnrus
860 772 1142 818 ssuusssrusnsrs
1266 755 1351 834 [utu.
1367 774 1405 818 11.

559 921 603 974 sie
614 920 712 986 oculos,
724 923 761 974 sie
772 920 817 974 ille
828 939 929 986 manus,
940 923 978 974 sic
989 939 1035 974 ora
1045 921 1156 982 ferebat,

556 1008 591 1059 llt
602 1025 669 1060 nuuc
681 1006 775 1078 aequali
785 1012 874 1060 tecum
884 1007 1039 1078 pubesceret
1048 1023 1113 1060 sero.

455 1134 572 1198 Verum
587 1132 614 1196 si
628 1132 669 1197 ad
686 1131 872 1218 incorporea
881 1129 1107 1195 divertendum
1118 1143 1177 1206 est,
1189 1134 1313 1195 ratione
1325 1157 1408 1218 opus

451 1247 499 1299 est
514 1247 546 1298 et
561 1233 737 1309 intellectu,
753 1254 855 1319 quum
880 1233 1002 1318 absque
1023 1232 1232 1316 intelligentia
1252 1235 1322 1299 haec
1344 1258 1408 1299 uon

451 1334 577 1401 valeant
596 1334 834 1422 comprehendi,
849 1348 882 1401 et
897 1357 1007 1398 verum
1028 1357 1091 1398 nou
1107 1335 1207 1421 possit
1220 1359 1288 1400 esse
1302 1336 1343 1400 de
1359 1338 1407 1403 his

451 1437 518 1503 sine
539 1438 662 1503 ratione
678 1437 849 1524 judicium.
897 1436 1083 1503 Intellectus
1104 1436 1215 1524 itaque
1235 1437 1306 1502 aliis
1329 1439 1406 1504 deli-

451 1539 620 1618 cientibus,
641 1540 744 1606 exerit
765 1539 849 1605 vires
870 1562 955 1620 suas,
976 1553 1009 1605 et
1031 1543 1124 1626 quasi
1145 1538 1179 1602 iu
1199 1561 1271 1603 erce
1291 1540 1405 1607 auimoe

450 1643 645 1710 constitutus
657 1642 765 1708 omnia
776 1641 928 1707 iuferiora
942 1640 1177 1728 complectitur,
1189 1662 1290 1726 quum
1305 1642 1347 1707 ab
1362 1646 1408 1707 in-

450 1741 616 1810 lerion‘bns
631 1745 796 1830 superiora
809 1755 971 1830 nequeant
985 1741 1221 1828 comprehendi.
1260 1743 1306 1810 Et
1318 1767 1402 1808 nuuc

450 1844 580 1932 quidem
602 1867 652 1910 res
672 1855 709 1910 ut
732 1857 818 1923 sunt,
834 1867 919 1909 nunc
943 1842 1036 1909 aliter
1055 1843 1210 1919 intuetur,
1226 1867 1312 1912 nunc
1332 1850 1405 1911 sirn-

450 1947 585 2034 pliciter,
611 1968 696 2011 nuno
723 1947 908 2032 composite,
934 1969 1019 2011 nunc
1048 1945 1200 2011 distincta
1227 1948 1406 2033 conjungit,

450 2071 534 2114 nunc
559 2049 729 2134 conjuncta
754 2045 915 2122 distrahit,
938 2060 971 2113 et
997 2047 1164 2134 disjungit.
1209 2048 1402 2135 Simpliciter

449 2171 526 2234 ergo
541 2147 658 2214 incedit
671 2147 866 2229 intellectus,
880 2147 959 2213 dum
978 2171 1045 2213 rem
1068 2149 1247 2236 quamlibet
1262 2161 1400 2214 contem·

447 2250 568 2338 platus,
581 2263 662 2338 puta
683 2249 855 2327 hominem,
875 2273 1038 2338 equumve
1058 2251 1249 2338 concipiens.
1293 2253 1399 2328 Quum

448 2375 524 2418 vero
545 2375 595 2418 res
615 2352 723 2440 plnres
743 2352 903 2438 gradatim
925 2353 1158 2440 complectitur,
1178 2353 1399 2439 compositioni

447 2452 604 2520 obnoxius
618 2466 676 2519 est.
716 2455 802 2519 Puta
817 2453 877 2518 hoc
891 2453 1099 2535 intellectum,
1113 2454 1272 2518 hominem
1288 2453 1398 2517 album

447 2578 606 2644 equumve
620 2577 746 2620 currere
764 2566 870 2620 mente
884 2555 1107 2642 complectens.
1143 2557 1313 2643 Disjuncta
1329 2577 1403 2619 oon-

445 2657 567 2746 jungit,
583 2669 619 2724 ut
633 2657 659 2722 si

554 2791 680 2847 Humano
692 2795 772 2866 capiti
783 2795 912 2848 cervicem
919 2795 1016 2866 jrmgat
1027 2795 1149 2864 equinam

649 2916 655 2929 .
671 2917 676 2930 .
691 2918 697 2930 .
710 2880 794 2932 varias
805 2880 931 2933 inducens
941 2880 1055 2949 undique
1069 2878 1178 2950 plumas,

449 3018 496 3083 ut,
506 3006 603 3090 juxta
618 3021 756 3091 poetam,

865 3135 985 3206 Turpiter
995 3141 1081 3188 atrum

587 3221 698 3275 Desinat
708 3221 736 3272 in
746 3221 844 3293 piscem
855 3220 949 3274 mulier
960 3219 1069 3274 formosa
1081 3238 1199 3293 superne.

447 3354 545 3418 Hunc
561 3374 635 3416 vero
649 3350 690 3416 ad
710 3351 874 3419 auditores
894 3374 968 3417 suos
983 3351 1081 3416 verbo
1097 3348 1260 3436 trajiciunt
1275 3351 1400 3432 Poetae,

445 3476 548 3540 quum
563 3452 791 3531 hircocervum,
806 3465 994 3518 centaurum
1010 3450 1208 3527 describunt,
1224 3463 1255 3516 et
1271 3451 1400 3518 chimae-

445 3578 522 3620 ram.
569 3554 749 3640 Conjuncta
765 3577 839 3618 vero
861 3553 1030 3638 disjungit,
1048 3564 1085 3617 ut
1100 3555 1127 3616 si
1142 3552 1274 3617 formam
1292 3566 1398 3621 teneat

445 3657 566 3743 absque
588 3654 730 3730 materia,
746 3678 848 3741 quum
871 3668 976 3720 tamen
999 3655 1066 3719 sine
1086 3678 1124 3719 ea
1145 3655 1249 3720 forma
1270 3657 1400 3722 omnino

445 3780 512 3823 esse
533 3779 594 3822 non
614 3756 725 3844 possit,
740 3756 800 3822 nisi
820 3757 926 3822 forma
947 3756 1084 3834 essendi,
1100 3769 1132 3823 et
1150 3757 1179 3822 ei
1198 3758 1396 3823 adhaerentes

443 3861 555 3925 lormae
576 3859 761 3940 formarum,
784 3882 824 3926 ex
847 3859 967 3946 quibus
988 3861 1052 3924 illae
1074 3859 1246 3941 fluxerunt,
1266 3884 1341 3946 quae
1362 3860 1394 3923 in

443 3964 576 4028 materia
600 3973 726 4027 suntet
750 3985 867 4050 corpus
895 3964 1047 4030 efficiunt.
1092 3965 1194 4027 Porro
1217 3986 1318 4048 quum
1346 3986 1395 4027 res

443 4065 535 4130 aliter
550 4086 646 4151 quam
662 4066 735 4140 sint,
747 4065 966 4151 componendo
980 4065 1119 4152 inspicit,
1135 4064 1274 4152 eoquod
1289 4087 1396 4129 cassus

444 4177 501 4245 est,
516 4176 548 4229 et
563 4186 582 4227 a
596 4185 700 4228 rerum
714 4163 847 4229 veritate
859 4163 1017 4240 deficiens,
1029 4163 1070 4229 ed
1085 4165 1244 4251 opinionis
1258 4187 1395 4229 errorem

445 4265 558 4350 vergit,
573 4276 606 4328 et
621 4263 646 4328 si
661 4287 728 4329 esse
750 4264 872 4340 asserit,
889 4263 967 4329 velle
990 4287 1052 4328 non
1068 4288 1146 4345 esse,
1160 4265 1253 4350 pleno
1268 4265 1394 4329 nomine

443 4364 551 4453 opinio
572 4377 629 4429 est.
676 4363 737 4428 Sed
761 4364 833 4429 licet
855 4364 947 4430 aliter
969 4389 1065 4451 quam
1091 4366 1167 4442 sint,
1189 4365 1266 4430 dum
1289 4379 1396 4432 tamen
