3425 5367
442 747 502 806 108
694 759 830 804 rasurus
848 759 1123 804 ssamnnnrausrs
1255 745 1339 820 [tra.
1356 763 1393 808 11.

441 996 521 1081 Cap.
536 1002 588 1060 al.
611 998 665 1060 An
680 1001 804 1078 passim
826 1018 847 1058 a
862 996 933 1060 Deo
946 997 1022 1059 tciri
1044 1015 1113 1077 quc
1130 1017 1198 1060 non
1219 1001 1392 1073 sciamur,-

481 1105 512 1162 et
533 1099 619 1179 quod
639 1118 747 1162 aarum
769 1098 971 1160 mutabilitas
992 1101 1023 1161 ci
1046 1117 1248 1179 nequaquam
1270 1107 1318 1162 est
1340 1103 1395 1162 in·

466 1200 643 1281 stigando,-
673 1208 703 1262 et
726 1201 810 1280 quod
830 1199 913 1262 idam
935 1209 980 1262 eat
1003 1201 1151 1273 scientia,
1169 1201 1392 1281 praecientia,

480 1301 652 1382 dispositio,
675 1302 887 1383 prouidentia,
910 1308 941 1364 et
965 1301 1226 1382 praematuro,-
1250 1309 1282 1364 ct
1309 1303 1394 1382 quad

464 1406 555 1467 ‘amu
576 1403 711 1483 infinita
733 1411 822 1478 sunt,
845 1409 883 1466 ut
903 1423 1055 1466 numerus
1076 1423 1186 1465 earum
1208 1423 1275 1464 nan
1296 1409 1394 1484 queat

480 1507 595 1587 auqari
609 1507 658 1567 uel
672 1507 798 1578 minni,·
822 1515 852 1568 at
868 1505 953 1586 quad
970 1505 1174 1586 prouidentia
1189 1507 1317 1566 nullam
1337 1523 1392 1566 nc·

480 1611 654 1671 cessitatem
668 1608 763 1670 retas
777 1608 914 1670 inducit.
1185 1591 1189 1599 ¹

482 1729 550 1792 San
565 1749 631 1790 esse
648 1727 715 1810 jam
737 1725 867 1790 alterius
888 1723 1084 1790 difficultatis
1104 1736 1308 1789 succrescunt
1323 1746 1390 1787 cor·

437 1851 512 1905 uua,
539 1842 571 1894 et
595 1849 791 1913 quocunque
818 1850 868 1890 me
893 1840 1028 1908 vertam,
1054 1827 1087 1890 in
1117 1848 1254 1890 errorem
1282 1825 1392 1888 videor

437 1929 609 1993 involutus.
656 1929 689 1991 Si
712 1932 795 1992 enim
818 1948 894 2012 quae
915 1949 978 1990 non
1003 1941 1089 2003 sunt,
1113 1950 1170 1991 nec
1196 1939 1301 2002 eruut,
1325 1950 1390 1990 esse

440 2043 584 2116 possunt,
601 2030 745 2115 profecto
764 2042 795 2093 et
820 2033 912 2094 Deus
927 2044 1032 2115 potest
1048 2031 1126 2094 scire
1141 2030 1228 2116 quod
1243 2051 1306 2092 non
1323 2028 1392 2105 scit,

438 2143 496 2194 aut
525 2155 562 2193 eo
591 2131 756 2215 ignorante
786 2144 892 2216 potest
922 2131 1046 2217 aliquid
1075 2132 1210 2196 evenire.
1266 2130 1389 2194 Bellum

438 2254 576 2314 namque
593 2233 704 2294 navale
725 2232 811 2318 quod
833 2255 896 2296 non
918 2233 988 2307 erit,
1004 2234 1084 2298 sicut
1105 2246 1137 2297 et
1157 2233 1237 2319 geri,
1254 2233 1298 2296 sic
1318 2245 1350 2296 et
1372 2253 1391 2294 a

437 2333 623 2418 gerentibus
638 2331 709 2395 sciri
724 2345 838 2418 potest.
884 2333 980 2410 Quod
1001 2333 1114 2419 utique
1134 2347 1166 2397 et
1187 2356 1254 2396 esse
1273 2346 1305 2397 et
1320 2332 1391 2396 sciri

439 2446 544 2520 potest
565 2435 606 2498 ab
629 2435 767 2512 homine,
783 2435 941 2521 numquid
964 2435 1034 2499 sciri
1056 2459 1075 2498 a
1096 2439 1167 2500 Deo
1184 2458 1246 2498 non
1262 2438 1390 2520 potest?

441 2537 474 2601 si
489 2559 565 2622 ergo
580 2549 685 2623 potest
698 2541 788 2601 Deus
800 2538 878 2601 scire
893 2537 982 2623 quod
994 2561 1056 2600 non
1073 2538 1143 2616 scit,
1157 2549 1261 2622 potest
1277 2539 1391 2622 utique

439 2651 470 2704 et
486 2660 548 2702 uon
565 2641 643 2703 scire
658 2639 746 2726 quod
762 2641 835 2718 scit,
848 2664 885 2704 eo
895 2640 983 2725 quod
998 2641 1280 2726 contrajacentium
1297 2637 1391 2702 simul

440 2741 527 2807 nulla
537 2743 634 2828 possit
647 2765 713 2806 esse
723 2743 864 2822 scientia,
875 2765 974 2829 quum
985 2742 1120 2806 alterum
1136 2764 1246 2805 eorum
1258 2761 1392 2824 semper,

440 2867 477 2906 eo
492 2845 579 2930 quod
596 2845 737 2909 veritatis
758 2845 937 2910 substantia
957 2859 1072 2921 careat,
1089 2845 1130 2908 sit
1144 2843 1318 2908 obnoxium
1333 2841 1391 2904 fal-

440 2946 538 3010 sitati.
582 2949 683 3010 Porro
698 2947 932 3009 mendaciorum
950 2947 1039 3010 nulla
1053 2961 1099 3010 est
1122 2946 1261 3010 scientia.
1307 2944 1392 3020 Quo·

439 3046 534 3109 modo
549 3067 625 3128 ergo
637 3045 766 3108 scientia
776 3045 986 3108 immutabilis
997 3060 1056 3121 est,
1068 3046 1120 3109 cui
1130 3047 1276 3110 decessus
1286 3067 1390 3109 rerum

439 3157 544 3229 potest
566 3144 634 3206 fieri
661 3157 691 3207 et
720 3167 876 3220 accessus,
899 3168 973 3228 quae
999 3158 1103 3230 potest
1130 3149 1277 3228 ignorare
1303 3145 1392 3230 quod

439 3269 505 3308 non
521 3247 590 3324 scit,
605 3255 661 3308 aut
683 3244 760 3308 scire
783 3245 869 3330 quod
893 3244 1015 3308 nescit?
1053 3243 1148 3321 Quod
1170 3243 1195 3305 si
1218 3265 1287 3304 earu
1309 3245 1394 3307 vari-

392 3405 395 3410 ,
440 3349 554 3414 abilam
570 3371 636 3411 esse
654 3346 834 3432 recipimus,
850 3347 974 3410 Jacobo
996 3346 1196 3419 reclamante,
1212 3343 1280 3428 jam
1302 3345 1391 3428 apud

439 3475 511 3517 eum
527 3464 573 3515 est
589 3449 733 3530 variatio,
744 3462 776 3512 et
790 3449 1016 3513 vicissitudinis
1027 3447 1242 3522 obumbratio,
1255 3458 1287 3510 et
1298 3459 1392 3531 pater

440 3555 595 3618 luminum
608 3575 675 3615 esse
686 3552 820 3627 desistit,
831 3551 855 3613 si
868 3551 1006 3614 elabitur
1017 3549 1105 3635 quod
1117 3549 1285 3634 praenovit.
1318 3549 1393 3612 Hoc

439 3654 588 3740 equidem
610 3675 668 3716 nec
688 3651 854 3736 gentilium
877 3673 964 3712 error
984 3651 1067 3713 circa
1086 3672 1145 3713 sua
1164 3672 1227 3713 non
1248 3662 1312 3713 tam
1332 3670 1391 3712 uu-

439 3757 533 3832 mina,
550 3777 645 3840 quarn
662 3753 819 3816 daemonia
839 3752 1034 3836 dignabatur
1048 3753 1229 3832 admittere,
1243 3751 1301 3836 qui
1318 3752 1390 3836 sty-

439 3861 523 3946 giam
540 3857 686 3942 paludem
711 3854 781 3918 Diis
802 3855 944 3940 perviam
965 3878 1032 3920 esse
1052 3855 1223 3940 negabant,
1238 3854 1390 3928 dicentes,

439 3986 507 4026 eam
528 3958 675 4024 omnibus
696 3955 920 4035 venerandam,
941 3970 974 4021 et
995 3978 1225 4043 usquequaque
1246 3954 1387 4017 illicitam

437 4088 456 4127 a
478 4061 659 4127 coelestibus
681 4059 847 4146 praeteriri.
892 4062 1019 4123 Mentes
1041 4081 1180 4144 namque
1202 4055 1389 4131 caelestium,

438 4165 556 4252 obliqio
576 4187 638 4228 non
663 4164 828 4248 contingit.
876 4161 1034 4247 Nunquid
1055 4185 1131 4246 ergo
1150 4160 1230 4224 fides
1250 4150 1390 4243 recipiet,

439 4267 524 4354 quod
550 4267 591 4330 de
618 4269 689 4330 Deo
716 4264 765 4328 vel
790 4265 862 4350 ipsa
882 4263 1017 4348 perfidia
1042 4263 1215 4326 abhorret?
1253 4262 1391 4325 Constat

438 4383 544 4434 autern
572 4367 659 4452 apud
686 4387 803 4443 omnes,
830 4367 905 4449 quia
931 4367 1018 4429 Deus
1043 4365 1102 4428 scit
1126 4362 1206 4426 illud
1231 4384 1295 4424 non
1320 4381 1388 4426 esse
