3425 5367
419 680 458 741 ta
673 691 808 737 noturus
827 689 1107 734 saansunatsrsts
1248 672 1330 756 [cm.
1348 691 1371 734 t.

416 845 592 929 posteritati
607 842 721 907 divinae
737 844 835 907 litera
851 840 1114 906 consecrassent?
1146 844 1246 905 Arcus
1261 843 1371 905 trium·

417 947 531 1030 phales
552 956 633 1009 tunc
661 944 835 1027 proficiunt
860 943 1039 1006 illustribus
1061 943 1136 1006 viris
1158 943 1199 1007 ad
1226 944 1373 1024 gloriam,

419 1068 517 1131 quum
530 1045 700 1129 exquibus
713 1045 829 1120 causis,
839 1055 871 1106 et
880 1063 1014 1126 quorum
1026 1042 1100 1119 sint,
1111 1042 1267 1125 impressa
1275 1042 1373 1105 docet

418 1146 596 1231 inscriptio.
641 1148 859 1210 Liberatorem
879 1146 1003 1228 patriae,
1025 1144 1223 1207 fundatorem
1247 1145 1372 1228 quietis,

418 1258 496 1310 tunc
520 1246 649 1310 demum
670 1248 834 1330 inspector
849 1245 1007 1326 agnoscit,
1022 1267 1119 1329 quum
1135 1245 1248 1307 titulus
1263 1245 1371 1307 trium·

418 1347 596 1429 phatorem,
610 1368 704 1430 quem
719 1356 828 1409 nostra
842 1346 1010 1409 Britannia
1022 1345 1141 1427 genuit,
1153 1345 1275 1408 indicat
1286 1344 1371 1407 Con·

419 1449 604 1512 stantinum.
651 1449 768 1511 Nullus
795 1448 881 1511 enim
911 1448 1073 1511 constanti
1103 1469 1242 1531 uuquam
1273 1446 1373 1535 gloria

419 1550 542 1629 claruit,
560 1550 622 1613 nisi
644 1571 686 1613 ex
710 1570 778 1626 suo,
800 1552 849 1613 rel
874 1549 993 1632 scripto
1016 1549 1130 1613 alieno.
1176 1548 1300 1611 Eadem
1324 1560 1374 1610 est

420 1653 512 1731 asini,
532 1664 564 1716 et
585 1652 726 1735 cujusvis
746 1651 950 1733 imperatoris
972 1665 1045 1733 post
1064 1651 1224 1714 modicum
1247 1662 1374 1732 tempus

420 1753 539 1833 gloria3
562 1752 622 1813 nisi
638 1762 793 1833 qnatenus
815 1752 965 1813 memoria
979 1751 1170 1827 alterutrim,
1184 1750 1373 1832 scriptorum

418 1853 574 1917 beneficio
603 1862 800 1934 prorogatur.
860 1852 948 1921 Quot
977 1861 1010 1918 et
1041 1862 1178 1932 quantos
1211 1850 1373 1913 arbitraris

419 1954 517 2018 fuisse
546 1973 649 2031 reges,
679 1951 719 2013 de
753 1951 872 2033 quibus
908 1972 1011 2015 sermo
1041 1971 1199 2033 nusquam
1229 1962 1288 2024 est,
1318 1962 1374 2014 aut

420 2052 595 2137 cogitatio?
633 2052 724 2115 Nihil
751 2073 827 2133 ergo
854 2052 1057 2115 consiliosius
1083 2064 1132 2115 est
1157 2054 1374 2136 captatoribus

421 2156 539 2238 gloriae,
553 2175 650 2237 quam
666 2154 862 2217 literatorum
877 2164 910 2216 et
924 2153 1134 2217 scribentium
1148 2154 1289 2218 maxime
1305 2177 1374 2237 gra-

419 2259 497 2321 tiam
510 2255 690 2339 promereri.
734 2255 895 2321 Inutiliter
910 2255 995 2319 enim
1011 2257 1057 2319 eis
1073 2269 1223 2337 geruntur
1237 2258 1374 2339 egregia,

420 2356 581 2441 perpetuis
611 2356 753 2421 tenebris
783 2354 989 2434 obducenda,
1018 2358 1083 2419 nisi
1110 2358 1270 2421 literarum
1300 2360 1373 2422 luce

420 2458 607 2521 clarescant.
630 2454 795 2539 Quicquid
806 2456 919 2518 favoris
931 2470 986 2519 aut
996 2458 1229 2539 praeconiorum
1245 2459 1374 2522 aliunde

421 2556 625 2633 contrahitur,
639 2555 772 2639 perinde
795 2566 853 2633 est,
869 2576 907 2618 ac
931 2556 959 2618 si
980 2557 1086 2634 Echo,
1106 2579 1203 2641 quam
1225 2559 1318 2621 audis
1339 2560 1373 2621 in

420 2656 549 2735 fabulis,
579 2658 711 2740 plausus
741 2656 886 2741 excipiat
914 2657 1103 2733 theatrales3
1141 2658 1260 2721 desinit
1286 2660 1373 2721 enim

421 2778 520 2840 quum
536 2756 679 2841 coeperit.
719 2756 769 2821 Ad
785 2757 855 2820 haec
872 2756 905 2819 in
921 2757 1031 2821 dolore
1048 2758 1205 2836 solatium,
1221 2760 1374 2823 recreatio

421 2860 455 2923 in
470 2859 591 2933 labore,
608 2861 640 2921 in
655 2870 843 2943 paupertate
855 2858 1056 2942 jucunditas,
1071 2860 1230 2925 modestia
1245 2863 1278 2925 in
1295 2862 1375 2926 divi·-

422 2959 474 3022 tiis
497 2970 529 3021 et
551 2960 679 3035 delitiis,
701 2961 886 3023 fidelissime
909 2983 929 3022 a
949 2962 1051 3023 literis
1073 2976 1243 3026 mutuatur.
1289 2966 1375 3028 Nam

311 3101 316 3107 .
422 3060 539 3122 avitiis
561 3059 726 3121 redimitur
748 3060 882 3130 animus,
903 3071 936 3121 et
958 3061 1046 3122 suavi
1068 3075 1101 3121 et
1122 3062 1201 3123 mira
1222 3064 1377 3144 quadam,

421 3161 517 3224 etiam
536 3160 569 3222 in
593 3159 747 3237 adversis,
765 3159 971 3244 jucunditate
991 3160 1141 3237 reficitur,
1157 3183 1257 3244 quum
1273 3164 1313 3224 ad
1328 3165 1374 3225 le·

422 3261 837 3345 gendumvelscribendum
846 3263 1373 3339 utilia,mentisiutenditacumen.

423 3366 555 3430 Nullam
570 3365 603 3428 in
619 3366 715 3429 rebus
730 3366 880 3429 humanis
894 3364 1132 3449 jucundiorem,
1147 3377 1201 3429 aut
1215 3365 1377 3432 utiliorem

423 3468 667 3551 occupationem
699 3468 862 3529 invenies:
896 3468 958 3529 nisi
988 3471 1065 3529 t'orte
1099 3466 1252 3531 divinitus
1288 3490 1376 3532 com·¹

422 3579 543 3651 puncta
558 3566 685 3629 devotio
707 3566 828 3629 orando
844 3566 961 3630 divinis
983 3568 1108 3630 insistat
1127 3569 1306 3653 colloquiis,
1321 3582 1376 3633 aut

423 3667 518 3731 corde
533 3688 589 3751 per
605 3667 767 3730 caritatem
789 3668 932 3747 dilatato,
948 3670 1054 3732 Deum
1074 3679 1183 3733 mente
1204 3670 1376 3753 concipiat,

424 3778 456 3833 et
471 3770 631 3853 magnalia
646 3768 716 3854 ejus
732 3768 819 3853 apud
839 3791 874 3832 se
897 3772 989 3855 quasi
1005 3770 1144 3855 quadam
1159 3772 1375 3836 meditationis

423 3892 522 3933 manu
537 3880 716 3953 pertractet.
759 3872 906 3955 Experto
927 3873 1032 3950 crede,
1048 3874 1123 3955 quia
1142 3873 1250 3935 omnia
1264 3873 1375 3935 mundi

426 3972 534 4059 dulcia
553 3974 603 4037 his
618 3975 735 4037 collata
756 3976 930 4052 exercitiis,
945 3986 1162 4051 amarescunt3
1185 3996 1223 4037 eo
1243 3974 1375 4058 quidem

425 4075 536 4155 magis,
548 4097 612 4159 quo
625 4076 741 4158 cuique
754 4097 868 4141 sensus
882 4078 1040 4159 integrior,
1051 4088 1084 4139 et
1098 4076 1177 4139 ratio
1193 4074 1424 4172 incorruptas

420 4174 538 4260 judicii
563 4176 698 4259 purioris
725 4176 811 4257 viget
839 4180 997 4242 acumine.
1051 4178 1129 4240 Noli
1159 4199 1234 4260 ergo
1259 4179 1376 4255 mirari,

426 4298 522 4359 quare
546 4278 683 4359 aliquem
707 4278 838 4358 gradum
862 4280 969 4357 scalae,
990 4301 1061 4363 quae
1085 4301 1172 4341 nunc
1197 4280 1266 4343 sola
1285 4282 1375 4345 novit
