3425 5367
427 752 486 810 182
687 758 823 804 Joaunrs
838 753 1121 803 sanesnanrnusrs
1227 737 1311 817 [arn.
1328 758 1382 803 111.

422 916 466 979 Εἰ
477 913 637 999 siquidem
647 909 718 975 haec
729 909 837 993 potius
848 904 1059 972 adscribenda
1070 917 1145 972 sunt
1153 907 1274 982 omnia,
1283 931 1379 993 quam

423 1014 567 1091 fortunae,
578 1033 649 1095 quar
658 1021 713 1074 aut
723 1012 764 1072 ab
775 1010 859 1092 ipso,
870 1019 935 1088 aut,
944 1007 1032 1093 quod
1044 1009 1145 1092 magis
1156 1029 1237 1089 reor,
1248 1011 1379 1073 omnino

422 1136 487 1178 non
503 1123 560 1178 est
602 1113 656 1175 Ait
669 1131 810 1196 namque
825 1111 974 1188 Ethicus,

568 1223 632 1278 Noli
643 1224 781 1288 fortunam,
793 1241 851 1294 quae
863 1241 914 1275 non
927 1228 976 1288 ert,
988 1223 1074 1277 dicere
1086 1241 1188 1278 coecam.

420 1335 582 1397 Homerus
591 1349 720 1416 quoque
728 1331 760 1394 in
770 1327 824 1393 illo
834 1329 1050 1394 celeberrimae
1061 1331 1267 1412 perfectionis
1277 1352 1372 1414 opere

421 1435 614 1518 dedignatus
637 1444 686 1496 est
714 1453 809 1495 nosse
831 1431 1003 1506 fortunam,
1027 1431 1107 1494 adeo
1131 1431 1262 1515 quidem
1285 1433 1375 1495 utin

420 1538 509 1600 nulla
530 1545 619 1618 parte
642 1533 722 1597 tanti
744 1531 894 1596 carminis
915 1533 1105 1596 nominetur.
1151 1534 1269 1596 Maluit
1288 1535 1373 1597 enim

421 1638 482 1701 soli
496 1637 579 1715 Deo,
595 1657 691 1720 quem
702 1632 863 1718 Morphan
879 1633 1064 1711 nominavit,
1073 1635 1223 1698 universa
1232 1635 1374 1716 regenda

418 1740 627 1816 committere,
656 1756 751 1820 quam
772 1743 808 1797 ut
836 1733 959 1818 aliquid
988 1733 1181 1798 adscriberet
1203 1735 1373 1800 temeritati

418 1840 563 1918 fortunar,
578 1859 675 1921 quam
690 1837 799 1920 utique
815 1835 862 1904 sic
877 1843 1004 1898 constat
1018 1835 1147 1899 minime
1167 1858 1237 1900 esse
1254 1833 1370 1914 Deam,

419 1941 505 2004 sicut
520 1949 641 2004 certum
657 1946 716 2016 est,
736 1936 800 1999 dici
816 1947 850 1998 et
869 1936 963 2018 pingi
978 1955 1112 2002 caecam.
1153 1937 1283 2002 Frustra
1297 1959 1373 2020 ergo

419 2042 547 2104 caecitas
568 2039 638 2121 ejus
660 2039 810 2118 arguitur,
824 2059 898 2120 quae
920 2038 953 2100 in
976 2047 1088 2102 natura
1109 2059 1213 2103 rerum
1235 2039 1372 2104 inveniri

418 2163 483 2205 non
503 2149 617 2224 potest
662 2137 761 2202 Unde
782 2148 816 2200 et
831 2159 926 2201 casus
946 2161 1011 2202 non
1028 2161 1099 2203 esse
1115 2140 1327 2216 convincitur,
1344 2142 1371 2205 si

418 2263 493 2306 eum
518 2240 589 2324 quis
610 2235 818 2321 improvisum
840 2249 989 2302 eventum
1011 2261 1082 2304 esse
1105 2239 1248 2319 definiat,
1268 2263 1370 2325 quum

416 2341 498 2406 nihil
520 2341 587 2417 fiat,
609 2340 704 2424 cujus
725 2352 827 2402 ortum
849 2340 995 2422 legitima
1017 2361 1127 2419 causa,
1149 2351 1182 2405 et
1203 2343 1282 2405 ratio
1304 2363 1370 2405 non

417 2442 589 2527 praecedat,
604 2452 637 2505 et
650 2441 756 2504 fidelis
777 2443 984 2506 concionator
1004 2443 1084 2505 nihil
1099 2443 1133 2505 in
1153 2456 1238 2506 terra
1252 2443 1368 2507 doceat

416 2544 485 2608 fieri
497 2543 681 2606 sinecausa.
711 2542 940 2605 Verumtamen
951 2543 1025 2626 quia
1035 2552 1149 2624 praeter
1159 2543 1367 2606 intentionem

417 2643 595 2726 gerentium
610 2641 729 2725 aliqua,
743 2643 898 2706 nonnulla
913 2643 1104 2726 contingunt
1114 2653 1229 2726 praeter
1243 2642 1366 2725 opinio·

415 2768 502 2825 nem,
515 2767 609 2810 casus
630 2745 843 2828 appellatione
865 2745 1069 2819 clauduntur,
1091 2745 1168 2808 licet
1189 2765 1280 2828 aeque
1302 2742 1368 2806 dis-

414 2847 564 2930 ponentis
578 2847 699 2911 ratione
713 2847 849 2929 praevisa
865 2847 940 2925 sint,
955 2847 1038 2910 sicut
1052 2868 1090 2910 ea
1105 2868 1176 2930 quae
1191 2847 1262 2928 lege
1276 2853 1368 2908 natu-

414 2969 469 3027 rae,
497 2947 699 3012 necessitatis
720 2947 858 3011 nexibus
881 2947 1028 3011 videntur
1049 2957 1180 3011 arctata.
1227 2941 1367 3010 Proinde

414 3057 447 3112 et
465 3048 536 3112 brac
558 3047 630 3130 ipsa
646 3046 878 3128 contingentia,
898 3049 1058 3129 primaevae
1079 3049 1222 3112 omnium
1245 3068 1366 3111 caussae

414 3148 461 3214 sic
477 3157 604 3212 constat
618 3168 688 3211 esse
702 3168 841 3227 annexa,
855 3157 891 3212 ut
905 3149 948 3212 ad
964 3170 1034 3212 earn
1050 3151 1157 3213 omnia
1174 3151 1367 3226 referantur;

413 3258 446 3316 et
459 3270 518 3336 pro
532 3269 605 3314 mea
616 3248 780 3333 opinione,
792 3250 863 3314 haec
879 3247 952 3333 ipsa
961 3248 1004 3313 ad
1019 3250 1211 3334 positionem
1221 3250 1366 3312 omnium

412 3373 485 3440 quar
507 3362 591 3432 sunt,
612 3351 793 3416 necessario
816 3362 1041 3435 consequatur.
1086 3348 1252 3412 Ridebunt
1281 3349 1364 3414 forte

412 3453 633 3539 prudentiores
655 3451 873 3536 insipientiam
896 3475 1011 3528 meam,
1027 3451 1083 3535 qui
1098 3451 1204 3512 Deum
1225 3469 1305 3528 esse,
1321 3449 1364 3513 ad

410 3555 611 3618 existentiam
627 3554 780 3631 omnium,
794 3554 885 3636 sequi
901 3553 1084 3614 consentio=
1107 3549 1166 3612 sed
1188 3551 1228 3612 ab
1245 3551 1362 3614 effectu

410 3674 538 3717 causam
554 3653 671 3730 inferri,
687 3653 737 3714 vel
752 3653 959 3733 probabiliter
973 3673 1023 3716 me
1039 3651 1245 3734 Peripatetici
1261 3650 1361 3714 docu-

409 3761 510 3818 erunt.
553 3754 653 3816 Porro
668 3750 815 3816 doctores
829 3752 908 3816 fidei
922 3774 992 3817 eam
1008 3775 1052 3817 ex
1068 3747 1216 3820 omnibus
1230 3772 1360 3816 causam

409 3854 592 3918 necessario
613 3853 763 3932 inferunt,
779 3876 822 3918 ex
841 3855 1038 3939 quaomnia,
1059 3875 1225 3940 perquam
1242 3852 1360 3931 omnia,

408 3966 441 4018 et
455 3955 489 4018 in
505 3936 569 4040 qu'a
583 3965 659 4019 sunt
673 3955 792 4033 omnia,
806 3968 839 4019 et
849 3956 918 4020 sine
934 3979 999 4040 qua
1013 3955 1200 4032 factumest,
1216 3963 1269 4017 aut
1285 3954 1358 4016 sub·

406 4056 528 4134 sistere,
556 4056 638 4118 nihil
667 4066 783 4139 potest.
839 4057 937 4130 Quod
965 4079 1041 4139 ergo
1071 4055 1193 4139 aliquid
1222 4055 1356 4118 fortunae

407 4156 550 4220 ridemur
564 4157 755 4232 adscribere,
770 4158 800 4221 ci
822 4179 1026 4244 nequaquam
1046 4156 1245 4242 praejudicat.
1291 4153 1357 4219 Sed

403 4256 479 4340 quia
502 4257 596 4320 nobis
617 4257 659 4321 ad
688 4256 835 4321 homines
857 4279 961 4322 sermo
983 4267 1041 4336 est,
1063 4257 1228 4320 hominum
1251 4257 1355 4320 verbis

402 4357 529 4438 utimur,
551 4359 665 4444 pingui
689 4359 739 4439 (ut
752 4357 974 4443 praediximus)
997 4361 1146 4433 Minerva
1166 4367 1297 4440 agentes
1313 4358 1353 4422 de
