3425 5367
430 698 495 757 214
691 703 827 750 maurus
843 698 1124 746 saansnaarnusrs
1217 680 1297 760 [un.
1314 697 1391 740 vru.

435 859 564 946 adjecit,
581 856 643 922 Sed
660 867 751 938 pater
766 875 854 917 meus
871 873 963 935 saepe.
1007 847 1077 915 Joci
1093 847 1202 934 itaque
1218 847 1391 933 asperitate

437 962 560 1026 urbana
580 956 726 1021 notitiam
749 952 904 1031 omnium,
922 963 954 1015 et
975 949 1223 1014 familiaritatem
1250 950 1392 1034 Impera-

438 1062 517 1126 toris
531 1059 591 1124 aibi
605 1055 794 1122 conciliavit.
839 1059 1002 1137 Augustus
1024 1051 1055 1115 in
1071 1050 1245 1116 Pollionem
1262 1051 1395 1134 scripse-

439 1177 489 1228 rat
508 1157 730 1227 Fescenninos.
768 1160 811 1221 At
830 1178 902 1241 ego,
923 1152 1029 1239 inquit
1051 1151 1162 1232 Pollio,
1184 1164 1283 1216 taceo.
1322 1153 1396 1214 Non

437 1277 485 1330 est
499 1268 569 1328 leve
582 1262 617 1325 in
631 1281 704 1324 eum
721 1257 855 1322 scribere
870 1255 927 1340 qni
943 1267 1047 1340 potest
1062 1255 1267 1340 proscribere.
1304 1254 1394 1316 Sicut

438 1379 545 1430 autem
569 1383 631 1425 non
654 1357 748 1422 facile
761 1355 959 1441 concipiebat
982 1353 1072 1427 iram,
1087 1352 1132 1416 ita
1154 1375 1211 1416 nec
1226 1352 1318 1418 facile
1338 1351 1395 1415 ad-

439 1466 588 1531 mittebat
602 1462 641 1526 ad
659 1459 844 1535 amicitiam;
869 1469 900 1519 et
916 1478 1010 1542 quem
1024 1458 1119 1518 semel
1130 1454 1311 1530 admiserat,
1323 1476 1395 1517 con-

441 1565 634 1633 stantissime
654 1561 822 1627 retinebat.
869 1558 984 1624 Eidem
1003 1557 1086 1620 inter
1107 1556 1194 1619 varia
1208 1555 1362 1622 dedecora
1377 1578 1396 1617 a

441 1669 581 1757 quodum
610 1664 763 1752 probrose
798 1661 959 1748 objectum
989 1671 1048 1739 est,
1077 1657 1162 1743 quod
1192 1657 1395 1742 adoptionem

441 1769 588 1837 avunculi
617 1781 730 1853 stupro
754 1762 916 1841 meruerit,
939 1761 1013 1846 quia
1035 1782 1107 1824 eum
1138 1758 1249 1822 Julius
1280 1758 1398 1822 arctius

441 1871 604 1936 admisisse
619 1868 725 1931 dictus
738 1878 797 1940 est,
813 1886 875 1926 non
892 1863 959 1926 sinc
979 1884 1106 1924 rumore
1121 1872 1288 1946 prostratae
1303 1859 1396 1946 pudi-

442 1972 537 2037 citiae.
565 1969 661 2033 Alius
673 1989 803 2052 qnoque
814 1965 917 2028 eidem
931 1964 1033 2027 iratus
1043 1963 1170 2048 objecit,
1184 1963 1270 2047 quod
1286 1961 1397 2025 solitus

443 2086 523 2136 esset
539 2092 632 2134 crura
646 2067 770 2131 ardenti
781 2067 849 2128 face
862 2065 1026 2142 suburere,
1037 2088 1101 2149 quo
1113 2063 1238 2128 mollior
1254 2076 1395 2147 surgeret

443 2169 538 2256 pilus.
584 2166 647 2232 Sed
674 2178 704 2229 et
731 2187 769 2226 eo
794 2164 1047 2249 tympanizante,
1071 2177 1107 2226 ut
1130 2166 1162 2227 in
1190 2164 1293 2248 primo
1316 2161 1397 2226 libro

443 2270 562 2336 dixisse
577 2291 628 2332 me
639 2266 785 2332 memini:
809 2265 972 2342 Vides-ne,
983 2265 1088 2350 inquit
1104 2265 1246 2350 plebeius
1258 2265 1399 2352 quidam,

445 2386 483 2436 ut
495 2370 635 2435 cinaedus
645 2369 754 2433 orbem
766 2367 867 2452 digito
877 2371 1054 2452 temperat?
1072 2369 1117 2432 Et
1129 2389 1229 2456 quum
1244 2389 1344 2432 nanus
1355 2368 1397 2432 ob

446 2472 586 2558 corporis
615 2469 804 2534 brevitatem
843 2469 1045 2532 convitiantis
1077 2471 1243 2554 cujusdam
1275 2470 1399 2555 impetu

448 2575 616 2653 diceretur,
644 2571 705 2636 sibi
733 2569 947 2635 calciamentis
978 2570 1212 2654 grandiusculis
1242 2573 1398 2636 utendum

447 2698 513 2739 csse
528 2672 701 2759 respondit.
728 2670 875 2736 Tiberius
886 2693 1017 2756 quoque
1032 2694 1133 2765 quum
1145 2673 1177 2736 in
1194 2673 1305 2738 multis
1315 2673 1400 2757 lega-

449 2791 504 2841 tur
526 2773 624 2839 fuisse
649 2774 828 2860 culpabilis,
852 2785 957 2836 tamen
984 2773 1137 2838 adversus
1161 2775 1298 2840 convitia
1324 2777 1400 2840 satis

448 2879 560 2942 firmus
586 2901 622 2940 ac
652 2877 775 2961 patiens
800 2875 921 2952 extitit,
947 2875 1071 2938 dicens:
1113 2877 1188 2962 quia
1213 2879 1246 2942 in
1272 2879 1401 2945 civitate

449 2979 561 3054 libera,
577 2977 703 3061 linguas
718 2976 833 3040 liberas
847 2999 925 3052 esse,
940 2990 972 3040 et
996 2991 1116 3041 mentes
1129 2978 1291 3044 hominum
1307 3002 1401 3066 opor·

450 3080 548 3143 tebat.
595 3080 649 3157 Et,
671 3091 707 3142 nt
729 3078 770 3141 ad
785 3079 910 3163 pejores
925 3091 1094 3158 transeam,
1110 3081 1314 3147 Domitianus
1332 3106 1401 3146 ver-

450 3179 564 3242 borum
592 3176 667 3240 satis
692 3176 815 3261 patiens
840 3176 914 3252 fuit,
939 3176 971 3239 in
1003 3201 1068 3262 quo
1093 3179 1137 3242 sic
1163 3179 1274 3246 lusisse
1298 3183 1401 3247 fertur

450 3292 557 3345 orator
578 3278 742 3347 Lucinius.
788 3282 862 3343 Non
878 3301 944 3342 esse
961 3278 1154 3356 mirandum,
1169 3282 1256 3368 quod
1280 3305 1399 3347 aeneam

450 3383 581 3447 haberet
597 3381 740 3458 barbam,
757 3381 808 3444 cui
823 3404 859 3444 os
875 3384 1022 3457 ferreum,
1038 3405 1092 3445 cor
1107 3382 1293 3467 plumbeum
1308 3399 1401 3465 esset,

451 3508 489 3548 eo
503 3484 592 3570 quod
604 3484 685 3548 dura
696 3483 855 3546 duntaxat
868 3481 1069 3566 loquebatur,
1082 3506 1156 3568 quae
1168 3507 1207 3549 ex
1219 3485 1399 3572 iniquitatis

452 3585 559 3669 adipe,
574 3605 670 3667 quarn
687 3581 781 3644 corde
801 3594 998 3667 conceperat,
1014 3575 1237 3666 procedebant.
1283 3581 1404 3671 Iniqui-

452 3683 528 3748 tatis
542 3681 625 3745 enim
640 3680 748 3744 sedere
762 3668 954 3745 deicribitur
972 3704 1067 3764 super
1090 3684 1244 3754 talentum
1268 3686 1402 3772 plumbi.

452 3782 663 3870 Vespasianus
684 3805 816 3868 quoque
838 3782 879 3845 de
901 3805 969 3867 quo
991 3783 1022 3846 in
1045 3783 1128 3848 libro
1150 3788 1299 3862 secundo,
1322 3787 1402 3850 dum

454 3885 751 3969 Hierosolymorum
788 3883 962 3949 destructio
999 3884 1240 3962 describeretur,
1270 3887 1403 3955 fecimus

453 3986 654 4060 mentionem,
667 3986 762 4048 etiam
774 3985 971 4048 infirmorum
985 3985 1127 4051 convicia
1136 3988 1293 4070 patienter
1305 3989 1381 4052 tulit
1392 4013 1402 4060 ;

454 4090 534 4152 adeo
556 4099 592 4149 ut
617 4107 689 4148 sene
713 4085 855 4149 bubulco
878 4086 1092 4171 proclamante
1116 4087 1147 4150 in
1175 4088 1402 4174 improperium

454 4191 535 4275 ejus,
560 4186 698 4271 Vulpem
722 4185 824 4270 pilum
849 4209 940 4271 posse
964 4202 1086 4252 mutare
1110 4211 1172 4254 non
1196 4190 1350 4268 animum,
1366 4215 1404 4254 eo

450 4291 540 4377 quod
562 4301 676 4354 natura
698 4287 924 4384 cupidissimus
948 4303 1028 4356 esset
1053 4291 1209 4378 pecuniae,
1224 4316 1280 4356 nco
1303 4294 1403 4358 avari-
