3425 5367
325 708 397 754 car.
413 689 498 770 xva]
667 704 923 751 ronrcnamcus.
1238 693 1282 752 87

324 859 502 937 victoriam,
531 877 666 942 regnum
696 867 729 920 et
756 856 930 941 imperinm
959 855 1082 922 Christi
1110 878 1179 920 εεεε
1205 878 1279 942 per·

327 961 444 1026 sonuit.
478 963 595 1024 Verum
612 958 690 1044 quia
700 957 775 1022 duae
783 956 897 1043 primae
911 956 1031 1042 specics
1044 957 1176 1021 omnino
1188 978 1280 1021 rana

325 1075 409 1138 sunt,
421 1073 454 1128 ct
467 1064 500 1126 in
515 1059 685 1147 postremis
701 1060 791 1146 quasi
801 1058 919 1123 risibili
933 1058 1038 1146 specie
1049 1059 1168 1124 veritas
1180 1062 1282 1123 menti

323 1166 473 1240 occurrit,
488 1161 639 1238 mediam,
655 1183 727 1246 quae
747 1161 874 1247 corpori
893 1160 1037 1226 veritatis
1055 1161 1150 1246 quasi
1170 1159 1279 1224 velum

327 1265 502 1351 figurarum
518 1261 687 1350 oppandit,
702 1261 890 1347 diligentius
903 1264 1104 1348 exequimur.

330 1444 411 1577 cal.
430 1489 479 1555 ιε.
504 1491 676 1555 Gmaalta
688 1490 838 1570 quadam
852 1489 1286 1572 affluentissima

460 1593 667 1668 somniorum,
682 1610 781 1672 quum
795 1591 1152 1674 aliorumfigurclisoi.

378 1757 449 1821 Esr
473 1755 585 1840 itaque
607 1765 670 1818 tam
695 1750 734 1815 ad
758 1749 1054 1838 interpretationem
1081 1751 1288 1830 somniorum,

333 1879 432 1940 quam
471 1855 511 1920 ad
548 1853 769 1920 revelationem
799 1853 1008 1937 aenigmatum
1036 1865 1071 1917 et
1099 1852 1290 1938 figurarum,

333 1959 476 2024 sollerter
504 1955 699 2022 attendenda
726 1977 833 2018 rerum
865 1955 1067 2040 significatio,
1094 1977 1171 2041 quac
1200 1967 1291 2019 tanto

334 2058 538 2146 multiplicior
563 2071 609 2123 εει
637 2079 734 2143 quam
762 2079 892 2131 vocum,
916 2069 1041 2141 quanto
1068 2058 1112 2122 ab
1137 2057 1290 2144 operibus

334 2176 469 2240 naturae,
486 2183 583 2248 opera
605 2160 778 2224 vincuntur
799 2159 931 2223 artificis
952 2159 1109 2224 imitantis
1129 2173 1288 2224 naturam.

337 2264 370 2328 Si
393 2262 466 2349 quis
488 2265 571 2326 enim
588 2283 691 2324 sermo
714 2273 778 2324 tres
799 2273 856 2323 aut
879 2274 1022 2346 quatuor
1045 2261 1144 2326 habet
1169 2260 1291 2347 signifi-

335 2365 484 2442 cationes,
508 2363 616 2428 statim
634 2357 797 2444 εολόοημος
818 2372 879 2439 εει,
893 2359 928 2422 id
949 2373 1012 2438 εει,
1033 2361 1207 2428 multarum
1227 2361 1291 2447 sig.

335 2465 563 2530 nificationum.
608 2463 721 2526 Omnis
743 2483 819 2525 vero
844 2484 906 2542 res,
927 2474 1008 2548 quot
1031 2462 1129 2528 habet
1154 2463 1290 2527 aliarum

335 2565 572 2641 similitudines,
588 2577 636 2628 tot
656 2563 739 2648 gerit
754 2561 927 2627 earundem
950 2563 1215 2646 significationes;
1246 2562 1294 2628 ita

337 2683 454 2748 tamen,
470 2676 507 2732 ut
520 2667 621 2752 major
637 2686 801 2749 nunquam
818 2663 950 2726 minoris
963 2664 1004 2727 sit
1019 2665 1157 2749 signnm.
1194 2667 1295 2750 Signa

337 2769 497 2856 siquidem
519 2788 643 2852 semper
662 2764 785 2828 minora
806 2777 893 2828 sunt.
931 2763 1014 2828 lnde
1027 2777 1076 2829 est
1091 2765 1179 2850 quod
1194 2765 1296 2828 homi-

339 2895 412 2938 nem
428 2866 607 2936 substantia
620 2865 741 2954 quavis
755 2865 922 2950 significat,
938 2878 1050 2952 utpote
1070 2866 1194 2953 aliquid
1208 2891 1296 2932 oom-

338 2996 436 3040 mune
464 2994 537 3036 cum
564 2969 713 3034 omnibus
740 2967 921 3049 habentem,
949 2968 1038 3054 quod
1066 2983 1099 3033 et
1127 2969 1160 3033 in
1190 2970 1296 3056 ligura

340 3069 501 3160 reptilium
532 3070 631 3146 Petri,
660 3083 693 3132 ει
719 3067 751 3130 in
782 3066 930 3152 pluribus
958 3066 1036 3132 locis
1061 3068 1294 3156 scripturarum

340 3172 543 3240 manifestum
572 3181 630 3234 est.
675 3169 785 3248 Porro,
812 3193 878 3255 quo
903 3169 1081 3234 similitudo
1105 3171 1296 3258 expressior,

337 3300 377 3342 eo
391 3273 493 3362 magis
505 3282 642 3358 cognata
655 3281 688 3336 et
702 3269 889 3332 familiarior
903 3283 953 3334 εει
968 3270 1169 3355 significatio.
1203 3273 1297 3336 Simi-

341 3377 446 3444 litudo
465 3397 541 3438 vero
560 3384 616 3438 aut
638 3369 857 3436 substantialis
876 3384 937 3448 εει,
957 3385 994 3434 ut
1015 3395 1092 3456 quae
1110 3396 1152 3437 ex
1172 3395 1298 3457 genem,

343 3491 400 3544 aut
421 3477 542 3564 specie:
577 3485 634 3538 aut
656 3471 873 3552 accidentalis,
886 3485 943 3536 aut
964 3495 1004 3536 ex
1027 3477 1221 3559 quantitate,
1242 3489 1300 3542 ant

343 3579 511 3668 qualitate,
526 3589 582 3642 aut
605 3575 700 3640 variis
721 3573 934 3638 accidentium
956 3574 1085 3640 formis:
1115 3590 1173 3642 aut
1194 3575 1300 3643 imita·

345 3681 439 3748 tionis
449 3691 510 3759 εει,
522 3690 557 3742 ut
571 3699 672 3763 quum
684 3680 758 3763 quis
769 3676 822 3740 alii
834 3676 949 3762 quovis
961 3691 1051 3742 motu
1061 3680 1166 3765 operis
1176 3681 1301 3746 confor-

343 3797 458 3850 matur.
490 3782 536 3846 Et
552 3780 612 3844 hoc
627 3779 758 3866 quidem
774 3777 871 3842 modo
884 3793 992 3864 potest
1005 3782 1140 3845 creatori
1154 3796 1302 3848 creatura

343 3909 410 3950 esse
421 3879 604 3961 consimilis,
613 3902 715 3966 quum
728 3893 834 3944 tamen
846 3879 937 3944 nullo
947 3879 1148 3945 substantiali
1160 3883 1210 3946 vel
1220 3885 1302 3949 acci·

343 3985 464 4052 dentali
480 3981 685 4070 participent.
717 3981 831 4046 Causae
846 4002 978 4066 quoque
993 4003 1071 4046 snus
1085 3983 1303 4048 conformatur

345 4088 492 4166 effectus,
503 4097 536 4150 ει
548 4085 706 4170 reciproce
718 4104 824 4160 causa,
836 4079 863 4146 si
877 4095 984 4148 tamon
996 4083 1098 4150 minor
1106 4099 1167 4165 εει,
1177 4085 1304 4154 effectui

350 4211 409 4252 suo
424 4187 545 4254 dicitur
559 4209 626 4252 esse
641 4182 820 4252 consimilis.
859 4186 1023 4250 Caeterum
1037 4187 1187 4254 similium
1197 4210 1305 4252 rerum

349 4294 436 4358 sicut
450 4289 535 4358 idem
549 4286 724 4376 judicium,
739 4287 786 4352 ita
806 4299 838 4351 et
853 4285 963 4350 eadem
982 4300 1058 4353 nota
1074 4301 1133 4354 est.
1169 4291 1215 4352 Et
1229 4287 1307 4372 quia
