3425 5367
451 670 493 729 58
714 682 850 728 Joauurs
866 682 1145 729 saaasaunrnusrs
1284 665 1367 744 [ma.
1384 686 1406 730 1.

450 857 534 911 nem,
551 834 629 901 sicut
646 856 733 899 mens
754 832 814 897 sibi
836 833 962 899 conscia
982 832 1171 919 iniquitatis,
1186 843 1219 898 et
1241 856 1317 919 quae
1339 858 1406 902 sce·

449 936 549 1001 lerum
561 956 692 1001 suorum
705 957 844 1023 poenam,
853 934 896 999 ad
905 935 1030 1021 singula
1038 931 1129 1001 timet
1140 937 1280 1023 exposci.
1307 937 1404 1001 Unde

449 1036 574 1101 ethicus
588 1036 628 1101 de
644 1036 831 1113 criminosis,
1365 1028 1370 1035 ’

519 1145 559 1199 Hi
573 1150 634 1198 aunt
645 1145 689 1214 qui
700 1144 841 1215 trepidant,
854 1149 882 1195 et
893 1144 927 1196 ad
939 1145 1025 1197 omnia
1036 1143 1142 1213 fulgura
1153 1144 1263 1216 pallent.

447 1245 476 1307 E
493 1252 605 1305 contra
621 1240 732 1326 justus
746 1236 879 1303 confidit
901 1250 939 1305 ut
960 1238 1019 1304 leo.
1064 1240 1110 1305 Et
1125 1239 1218 1318 illud,
1235 1240 1309 1306 Non
1329 1266 1402 1308 con-

447 1341 588 1406 tristabit
596 1341 734 1426 justum,
749 1338 906 1427 quicquid
920 1339 950 1403 ei
965 1339 1125 1405 acciderit.
1172 1344 1295 1429 Fulgor
1312 1346 1402 1430 equi-

446 1444 518 1509 dem
535 1444 646 1529 igneus
660 1441 685 1506 si
702 1441 823 1506 urendo
838 1464 903 1505 non
918 1454 1040 1520 noceat,
1056 1441 1250 1509 celebritatis
1266 1446 1399 1530 gloriam

446 1544 546 1608 affert.
601 1541 717 1626 Neque
746 1540 821 1626 quia
846 1561 910 1603 non
937 1539 1013 1616 urit,
1040 1540 1152 1625 igneus
1177 1565 1240 1606 non
1269 1556 1338 1617 est;
1374 1545 1400 1608 si

444 1656 549 1709 tamen
565 1643 597 1707 in
613 1642 673 1708 hoc
690 1641 784 1707 Plato
798 1641 963 1727 recipitur.
1010 1646 1095 1709 Duae
1111 1656 1196 1719 sunt,
1209 1645 1317 1731 inquit
1332 1646 1396 1724 ille,

444 1760 481 1813 ut
493 1745 616 1831 opinor,
630 1746 765 1810 virtutes
776 1744 878 1828 ignis:
904 1744 1013 1809 Altera
1023 1745 1105 1809 edax
1118 1758 1150 1810 et
1165 1750 1397 1833 peremptoria;

443 1849 543 1913 altera
557 1846 728 1911 mulcebris
742 1858 774 1909 et
789 1845 918 1908 innoxio
941 1845 1071 1910 lumine.
1117 1848 1326 1912 Posteriorem
1350 1872 1398 1913 as-

443 1950 518 2013 serit
540 1947 748 2033 operatricem
765 1945 862 2023 visuS,
879 1959 910 2011 et
932 1950 964 2010 in
986 1948 1202 2034 superioribus
1217 1950 1281 2013 vim
1306 1973 1396 2014 suam

443 2050 581 2113 maxime
596 2070 750 2112 exercere.
796 2048 971 2112 Ascanium
987 2049 1094 2115 fatalis
1108 2050 1194 2115 exilii
1210 2074 1284 2115 cum
1304 2064 1395 2138 patre

442 2150 624 2215 discrimina
646 2148 845 2230 subeuntem,
860 2150 944 2234 ignis
965 2150 1006 2214 de
1028 2152 1111 2217 coelo
1129 2153 1221 2237 quasi
1247 2176 1395 2218 succenso

441 2252 543 2339 capite
568 2249 751 2331 illustravit,
778 2252 991 2337 pronuncians
1016 2254 1045 2317 ei
1073 2254 1184 2319 deberi
1209 2255 1394 2320 felicitatem

440 2354 539 2434 exilii,
552 2354 722 2440 ipsumque
737 2353 883 2418 futurum
900 2355 933 2418 in
953 2369 1080 2441 gentem
1097 2380 1254 2444 magnam.
1298 2358 1394 2423 Alex-

441 2456 532 2521 andri
571 2455 757 2520 Macedonis
785 2469 817 2520 et
848 2460 1016 2523 Octaviani
1048 2461 1203 2544 Augusti,
1233 2460 1294 2524 sub
1323 2460 1393 2544 ipso

438 2580 548 2623 eorum
578 2572 652 2622 ortu
682 2556 808 2621 claritas
836 2558 920 2643 ignis
954 2560 1108 2625 miraculo
1146 2561 1305 2626 declarata
1334 2573 1392 2624 est.

439 2658 705 2738 Proficiscentem‚
728 2660 964 2747 expeditionem
989 2663 1067 2728 dum
1091 2664 1264 2749 egreditur,
1288 2686 1394 2749 prose-

437 2786 538 2849 quens
550 2775 665 2829 ventus
679 2785 881 2829 successuum
894 2789 950 2851 spe
962 2766 1124 2844 fortunat;
1146 2767 1225 2831 dum
1240 2766 1273 2830 in
1284 2765 1391 2830 hostes

438 2865 554 2929 vexilla
575 2865 736 2943 feruntur,
761 2868 842 2931 aeris
867 2869 1049 2933 testimonio
1073 2868 1191 2935 vexilla
1215 2866 1391 2953 triumpha-

436 2968 527 3031 bunt.
575 2966 608 3029 Si
625 2989 699 3029 vero
714 2967 825 3049 patriae
840 2968 1017 3044 imminent,
1036 2970 1248 3054 justissimum
1269 2981 1389 3033 metum

436 3065 608 3128 incutiunt.
652 3068 753 3127 Terra
775 3087 906 3149 quoque
930 3066 999 3151 ipsa
1023 3071 1248 3152 mysteriorum
1266 3068 1391 3132 conscia

436 3178 495 3241 est,
519 3163 574 3227 sed
602 3164 710 3247 gravia
736 3164 842 3227 omina
868 3166 1069 3251 frequentius
1094 3180 1211 3251 portat,
1235 3192 1273 3229 eo
1299 3170 1387 3252 quod

436 3266 571 3330 fundata
598 3285 694 3351 super
719 3262 924 3328 stabilitatem
951 3288 1053 3342 suam,
1077 3265 1199 3329 mavult
1224 3267 1389 3349 quiescere

436 3391 532 3456 quam
563 3364 692 3432 moveri.
753 3366 861 3443 Quum
884 3391 960 3453 ergo
983 3372 1129 3454 mugitus
1151 3368 1221 3454 ejus
1242 3367 1388 3448 auditur,

435 3473 549 3535 amaris
564 3467 730 3533 eventibus
751 3468 910 3547 condolet,
924 3482 956 3533 et
980 3493 1046 3554 quo
1069 3468 1186 3534 affectu
1213 3468 1278 3533 suis
1301 3492 1386 3532 com-

435 3572 577 3657 patiatur
608 3566 756 3639 alumnis,
786 3569 872 3633 vocis
912 3594 979 3635 suae
1012 3572 1142 3639 tristitia
1179 3582 1385 3659 protestatur.

432 3673 555 3755 Magna
570 3666 727 3753 siquidem
743 3680 775 3732 et
791 3669 843 3754 pia
866 3692 980 3757 parens
994 3674 1136 3739 omnium
1160 3687 1217 3740 est.
1263 3674 1384 3739 Studu-

432 3785 500 3837 erat
515 3771 584 3834 haec
599 3769 639 3833 ab
655 3768 803 3855 amplexu
825 3771 960 3860 hospitis
974 3798 1080 3841 arcere
1105 3778 1313 3855 Phoenissam,
1329 3776 1385 3840 sed

433 3872 510 3958 quia
537 3870 735 3935 conciliatrix
765 3873 895 3961 hospitii
925 3878 1033 3942 Venus
1061 3879 1129 3964 jam
1159 3877 1383 3963 praevaluerat,

433 3986 519 4038 tacta
547 3972 656 4037 dolore
681 3974 785 4038 cordis
809 3976 1000 4043 intrinsecus
1024 3980 1152 4064 mugiit,
1177 3979 1328 4065 quoniam
1354 3977 1383 4042 ei

431 4074 576 4161 mugitus
595 4097 654 4160 pro
675 4076 796 4160 gemitu
821 4087 877 4142 est.
922 4083 1004 4143 Haec
1018 4080 1128 4147 eadem
1153 4080 1299 4167 quotiens
1322 4092 1384 4143 tre-

432 4178 502 4258 mit,
516 4176 590 4241 liliis
604 4176 670 4241 suis
684 4177 838 4263 praevidet
854 4179 977 4265 aliquid
993 4182 1210 4259 metuendum,
1226 4180 1286 4245 nisi
1300 4181 1385 4245 forte

431 4277 638 4368 parturiendo
663 4279 795 4345 laboret.
849 4281 942 4345 Tunc
969 4305 1043 4347 vero
1070 4283 1120 4348 vel
1145 4282 1274 4347 omnino
1303 4282 1381 4346 facit
