3425 5367
329 724 462 802 esna]
691 738 947 784 rorrcaancrs.
1237 727 1283 785 69

330 891 510 977 explicam
543 913 582 955 ea
607 892 839 970 tantummodo,
860 913 937 975 qnae
958 888 1040 954 dim
1061 890 1154 953 famis
1172 889 1281 953 inedia

329 991 541 1077 pertulerunt,
578 993 754 1078 mprarlicti
792 991 1041 1075 historiographi
1078 991 1280 1053 mihis

327 1091 496 1177 proferam,
523 1115 591 1178 qno
623 1092 765 1177 legentes
792 1092 863 1155 bac
891 1090 1086 1175 intelligant,
1115 1106 1275 1175 qnantum

324 1192 441 1277 piaculi
471 1195 525 1268 sit,
554 1194 673 1257 audere
700 1194 825 1278 aliquid
849 1197 884 1258 in
910 1192 1093 1267 Christum,
1116 1205 1151 1255 et
1174 1214 1275 1277 quam

323 1295 477 1378 gravibus
491 1318 569 1358 ausa
577 1296 741 1381 suppliciis
749 1296 929 1381 expientur.
965 1294 1278 1379 Ageitaque,quin-

322 1410 375 1460 tus
394 1397 531 1481 Jcsepbi
552 1397 757 1461 historiarum
777 1398 859 1461 liber
879 1410 1019 1483 ponatur
1037 1398 1074 1459 in
1092 1396 1209 1471 merlio,
1228 1418 1273 1458 ex

320 1520 388 1583 quo
415 1498 519 1561 omnis
546 1521 655 1562 eornm
683 1504 831 1563 luctuosa
865 1498 1026 1583 tragmdia
1051 1512 1272 1582 pernoecatur.

321 1598 488 1663 Divitibus
501 1612 610 1663 autem
624 1622 820 1684 permanere,
834 1600 956 1683 inquit,
969 1612 1027 1660 ant
1040 1599 1157 1681 perire,
1169 1620 1272 1661 unum

320 1713 420 1785 atque
446 1698 531 1764 idem
557 1714 635 1765 erat.
681 1702 715 1763 Si
744 1700 827 1763 enirn
852 1701 887 1762 in
913 1699 995 1762 urbe
1017 1699 1273 1783 permansissent,

320 1799 509 1864 facultatum
536 1824 665 1865 suarum
687 1825 784 1865 causa
804 1801 936 1865 crimine
954 1801 1093 1885 objecto,
1114 1801 1207 1885 quasi
1230 1798 1273 1861 de

319 1898 558 1986 transfugiendo
582 1903 771 1986 cogitarent,
792 1902 1044 1988 perimebantur.
1088 1903 1270 1963 Necessitas

319 2024 395 2065 vero
423 2002 526 2080 famis,
553 2003 757 2067 factiosorum
783 2003 960 2069 extollebat
984 2002 1210 2087 arrogantiam,
1234 2014 1270 2065 et

318 2116 492 2188 utrumque
521 2105 614 2169 simul
644 2106 750 2170 inedia
776 2128 851 2169 cum
881 2105 1060 2169 temeritate
1093 2103 1264 2167 crescebat

316 2204 450 2269 Publice
476 2206 604 2292 quidem
630 2208 828 2273 frumentum
853 2229 1009 2292 nusquam
1031 2206 1163 2268 omnino
1182 2218 1266 2279 erat,

316 2306 369 2371 sed
385 2307 538 2373 irruentes
554 2309 642 2372 urbis
661 2310 826 2396 praedones
842 2308 1128 2395 perscrutabantur
1140 2306 1266 2383 domos,

315 2418 346 2469 et
361 2406 386 2469 si
401 2407 481 2493 quid
496 2409 699 2485 invenissent,
710 2424 864 2495 tanquam
873 2408 916 2471 de
925 2408 990 2483 bis,
1000 2409 1059 2493 qni
1073 2407 1265 2483 fefellerant,

313 2528 424 2589 poenas
438 2509 614 2587 sumebant,
628 2512 746 2573 sivero
760 2532 822 2571 non
837 2509 1043 2586 inanimi,
1055 2509 1264 2571 nibilominus

314 2618 464 2692 tanquam
473 2632 537 2685 ecs,
547 2614 604 2695 qui
615 2610 772 2674 occultius
782 2610 1010 2693 etdiligentius
1019 2609 1263 2684 absconderant,

310 2711 504 2776 cruciabant.
564 2711 724 2773 Indicium
754 2732 831 2773 vero
860 2712 903 2774 ab
930 2712 978 2775 eis
1005 2712 1115 2774 baberi
1143 2710 1265 2795 pabula

310 2810 477 2895 capiebant
492 2812 552 2875 hoc
563 2814 645 2895 ipso,
660 2811 749 2895 quod
763 2811 1032 2889 adbucvirerent,
1042 2824 1075 2873 et
1089 2810 1261 2874 subsistere

308 2911 498 2995 corporibus
527 2911 728 2990 ridebantur,
754 2924 906 2997 tanquam
935 2912 993 2997 qui
1022 2910 1167 2997 profecto
1189 2912 1260 2995 jam

308 3010 511 3089 interiissent,
535 3012 595 3077 nisi
617 3012 820 3077 absconditos
842 3014 965 3100 uspiam
991 3026 1136 3098 tegerent
1160 3013 1257 3078 cibos

309 3113 343 3177 Si
365 3136 447 3199 quos
468 3138 542 3181 sanc
568 3115 763 3181 tabescentes
788 3118 888 3181 macie
913 3116 1077 3191 vidissent,
1099 3116 1158 3179 bos
1181 3139 1257 3179 cum

305 3218 397 3279 venia
407 3217 622 3301 praeteribant,
633 3222 828 3303 superfluum
839 3221 1257 3305 putantesperimere,quos

305 3316 401 3401 paulo
416 3332 487 3403 post
502 3319 683 3383 absumeret
698 3319 806 3384 fames.
842 3319 940 3383 Multi
955 3334 1061 3383 tamen
1075 3322 1109 3382 in
1123 3320 1256 3383 occultis

304 3418 390 3483 omni
404 3444 499 3485 censu
515 3445 574 3485 suo
584 3422 715 3485 mercati
727 3434 802 3485 sunt
817 3443 919 3484 unum
933 3436 1084 3497 metrum,
1095 3423 1123 3483 ai
1136 3420 1255 3483 divites

304 3520 463 3603 frumenti,
485 3536 517 3587 et
539 3523 649 3587 hordei
672 3522 698 3585 si
720 3522 884 3586 inferiores
903 3522 1048 3600 fuerunt,
1067 3536 1102 3585 et
1125 3520 1253 3585 conclu-

302 3620 493 3689 dentessein
502 3625 705 3689 interioribus
713 3624 1252 3711 quibusquepenetralibusrlomus,

300 3722 444 3789 nonnulli
459 3726 564 3789 necin
580 3748 677 3811 panes
689 3725 848 3789 confectas
861 3726 971 3809 fruges
986 3724 1142 3791 edebant:
1180 3727 1250 3791 Alii

300 3848 374 3891 vero
388 3826 420 3891 in
436 3838 593 3913 quantum
608 3825 657 3889 vel
673 3826 848 3900 necessitas,
861 3825 911 3888 vel
922 3839 1028 3889 metus
1037 3828 1248 3911 permitteret,

298 3929 528 4013 excoquebant.
565 3931 610 3993 Et
626 3950 764 3991 mensam
776 3927 907 4013 quidem
922 3926 1032 3990 nullus
1041 3929 1247 4011 exspectabat

298 4030 426 4117 apponi,
443 4030 497 4095 sed
513 4052 552 4093 ex
573 4029 643 4115 ipso
663 4028 813 4093 semiusta
831 4028 899 4113 igni
918 4028 1089 4113 rapientes,
1102 4030 1244 4114 propria,
1273 4080 1287 4101 .

298 4131 386 4195 velut
401 4132 531 4209 furtiva,
547 4131 761 4205 devorabant;
785 4145 815 4196 et
835 4144 903 4195 etat
923 4130 1056 4194 infelicis
1076 4131 1163 4194 illius
1181 4133 1244 4197 cibi

295 4234 1244 4320 spectaculummiserabile,quumvalidioresquiqueinventa

296 4331 491 4419 diriperent;
530 4334 740 4400 imbecillibus
769 4358 844 4399 vero
874 4333 952 4397 nilril
978 4346 1095 4419 praeter
1119 4332 1244 4399 luctum
