3425 5367
345 759 414 803 can.
430 744 493 818 v1.]
691 757 951 802 conveniamus.
1242 747 1305 804 ⁶2:37

347 925 395 973 est
421 911 583 994 Princeps,
608 909 754 973 exclusus
784 909 824 972 ab
851 909 993 986 ecclesia,
1021 923 1052 972 et
1081 910 1297 995 poenitentiam

348 1026 475 1075 coactus
490 1025 536 1075 est
552 1010 680 1096 explere
699 1010 869 1073 solennem.
916 1011 977 1074 Sed
1002 1011 1080 1095 quid
1105 1035 1177 1074 eum
1202 1025 1300 1076 tantae

348 1113 527 1186 necessitati
563 1114 765 1198 subjecerat?
812 1111 971 1177 Voluntas
1009 1113 1120 1198 utique
1159 1114 1302 1200 subjecta

342 1215 479 1300 justitiae
487 1215 597 1289 Dei‚et
609 1214 671 1298 legi
679 1215 749 1300 ejus
762 1236 993 1299 usquequaque
1002 1215 1232 1300 obtemperans.
1258 1219 1303 1280 Et

348 1318 409 1379 nisi
426 1339 500 1400 quae
515 1315 647 1378 metrica
660 1316 790 1378 levitate
805 1314 1001 1390 scribuntur,
1012 1315 1142 1379 duxeris
1157 1317 1304 1382 habenda

349 1416 536 1491 contemtui,
562 1438 602 1478 ex
628 1415 678 1478 his
705 1416 825 1500 quibus
853 1416 954 1479 tilium
983 1416 1111 1480 instruit
1138 1419 1225 1502 apud
1254 1419 1303 1482 Cl.

351 1517 577 1592 Claudianum,
602 1518 674 1602 quis
696 1517 765 1601 ipse
788 1517 820 1579 in
844 1518 980 1580 sacrario
1004 1541 1126 1580 motum
1150 1519 1302 1591 extiterit,

351 1624 462 1705 paucis
472 1641 634 1703 agnosces.
659 1620 809 1682 Ceterum
822 1642 923 1705 quum
937 1619 1108 1704 praemissae
1121 1620 1198 1704 legis
1209 1621 1305 1684 verba

349 1723 488 1798 revolvo,
502 1722 625 1805 singula
639 1721 717 1784 milri
730 1721 880 1785 videntur
896 1736 1022 1796 onusta,
1035 1735 1066 1785 et
1082 1723 1172 1807 quasi
1186 1723 1301 1808 spiritu

349 1823 568 1910 intelligentias
593 1824 777 1889 fecundata
802 1825 900 1888 menti
931 1839 1112 1890 occurrunt.
1159 1827 1302 1890 Habebit

351 1950 438 2012 ergo,
452 1929 571 2013 inquit,
588 1950 694 1992 secum
717 1926 831 2011 legem,
855 1926 1035 2012 providens·
1049 1951 1088 1990 ne
1110 1928 1151 1991 ad
1174 1927 1303 1992 damna·

350 2028 465 2093 tionem
493 2051 595 2103 suam,
611 2051 712 2114 quum
740 2051 807 2091 earn
835 2028 953 2091 habere
980 2050 1103 2091 necesse
1119 2029 1170 2108 sit,
1187 2029 1302 2094 babeat

351 2145 461 2195 contra
476 2154 518 2194 se.
563 2133 713 2194 Potentes
733 2131 851 2194 etenim
874 2143 1021 2215 potenter
1044 2143 1201 2196 tormenta
1223 2133 1305 2218 pati-

351 2247 453 2298 entur.
503 2232 544 2297 Et
556 2233 692 2317 adjecit;
718 2233 866 2318 legetque
881 2232 972 2297 illud.
1012 2235 1126 2318 Legem
1145 2234 1302 2320 siquidem

352 2336 468 2398 babere
482 2335 513 2398 in
530 2335 667 2398 mantica
681 2358 794 2420 parum
816 2334 958 2418 prodest,
974 2333 1033 2396 nisi
1048 2335 1184 2400 fideliter
1199 2351 1304 2400 custo-

351 2437 460 2500 diatur
475 2438 505 2499 in
522 2437 637 2499 anima.
681 2436 832 2520 Legenda
852 2449 900 2499 est
923 2459 1000 2519 ergo
1022 2437 1169 2499 omuibus
1191 2438 1305 2502 diebus

351 2540 426 2603 vitae
447 2561 522 2601 suae.
569 2541 620 2600 Ex
644 2537 763 2621 quibus
785 2537 908 2622 liquido
931 2551 1065 2614 constat,
1080 2560 1177 2622 quam
1201 2563 1305 2603 neces-

353 2639 434 2703 saria
463 2639 504 2702 sit
535 2637 737 2723 Principibus
767 2639 882 2723 petitia
912 2637 1088 2713 literarum,
1115 2639 1172 2722 qui
1204 2637 1304 2725 legem

354 2739 485 2804 Domini
514 2738 659 2824 quotidie
688 2743 850 2802 revolvere
881 2739 1012 2801 lectione
1038 2739 1204 2822 jubentur.
1263 2740 1304 2804 Et

351 2843 433 2906 forte
446 2841 533 2927 quod
547 2840 724 2903 sacerdotes
737 2840 836 2924 legem
850 2838 994 2924 quotidie
1006 2843 1110 2924 legere
1117 2839 1304 2924 jubeantur,

353 2965 415 3004 non
444 2943 628 3027 frequenter
656 2940 807 3003 invenies.
868 2938 1019 3024 Princeps
1051 2963 1125 3002 vero
1159 2941 1304 3026 quotidie

353 3043 442 3128 legit,
469 3055 501 3106 et
525 3041 646 3106 cunctis
672 3041 785 3105 diebus
812 3042 897 3104 vitae.
953 3039 1038 3114 Quia
1068 3065 1133 3125 qua
1162 3042 1213 3105 die
1244 3065 1304 3107 non

353 3145 464 3228 legerit
481 3142 594 3228 legem,
611 3146 637 3206 ei
654 3166 716 3206 non
733 3143 801 3206 dies
815 3144 902 3217 vitm,
919 3142 973 3206 sed
997 3145 1107 3207 mortis
1127 3157 1185 3208 est.
1234 3146 1305 3208 Hoc

353 3245 464 3331 utique
487 3245 552 3308 sine
574 3244 762 3308 difficultate
785 3243 954 3308 illiteratus
977 3265 1039 3308 non
1060 3245 1164 3309 faciet.
1210 3247 1307 3309 Unde

353 3347 431 3412 etin
449 3346 559 3418 literis,
575 3369 655 3432 quas
671 3369 776 3429 regem
804 3346 1021 3409 Romanorum
1047 3345 1088 3408 ad
1109 3348 1305 3410 Francorum

353 3470 459 3531 regem
475 3445 687 3509 transmisisse
703 3445 816 3522 recolo,
832 3445 950 3530 quibus
966 3446 1155 3509 hortabatur
1177 3461 1214 3510 ut
1230 3446 1307 3510 libe-

354 3569 405 3608 ros
420 3569 493 3608 suos
509 3541 693 3608 liberalibus
707 3544 882 3630 disciplinis
897 3544 1020 3608 institui
1037 3561 1233 3630 procuraret,
1245 3547 1304 3610 hoc

354 3649 437 3708 inter
450 3661 566 3711 caetera
581 3645 742 3729 eleganter
756 3647 885 3732 adjecit,
902 3646 979 3732 quia
1004 3669 1058 3710 rex
1075 3647 1244 3712 illiteratus
1258 3665 1306 3712 est

354 3748 447 3834 quusi
470 3749 578 3810 asinus
596 3762 773 3812 coronatus.
819 3749 854 3812 Si
881 3762 984 3811 tamen
1010 3771 1049 3811 ex
1075 3749 1308 3834 dispensatione

354 3849 396 3911 ob
425 3849 563 3932 egregiae
590 3848 718 3911 virtutis
749 3848 911 3920 meritum,
938 3847 1113 3932 principem
1143 3849 1306 3932 contingat

355 3972 421 4012 esse
447 3948 645 4022 illiteratum,
672 3949 809 4012 eundem
836 3949 889 4032 agi
917 3947 1130 4012 litteratorum
1158 3950 1308 4024 consiliis,

357 4065 393 4113 ut
408 4050 436 4112 ei
451 4073 502 4114 res
522 4064 609 4114 recte
632 4050 796 4135 procedat,
810 4073 934 4112 necesse
949 4063 1006 4114 est.
1052 4050 1208 4114 Assistant
1233 4075 1309 4135 ergo

358 4149 385 4212 ei
414 4151 541 4214 Nathan
568 4153 737 4237 propheta,
760 4164 793 4214 et
818 4151 942 4214 Sadoch
968 4151 1124 4226 sacerdos,
1147 4165 1178 4216 et
1201 4151 1310 4216 fideles

359 4251 415 4314 lilii
446 4254 687 4340 prophetarum,
714 4257 772 4338 qui
800 4277 872 4318 eum
900 4277 919 4314 a
950 4253 1018 4338 lege
1048 4253 1177 4318 Domini
1208 4253 1311 4316 diver·

317 4435 321 4440 Ι
359 4367 424 4416 tere
450 4375 511 4416 non
539 4354 713 4438 patiantur,
739 4369 771 4418 et
797 4377 892 4440 quam
919 4355 986 4440 ipse
1013 4354 1113 4416 oculis
1142 4369 1174 4417 et
1204 4355 1309 4418 anitttu
