3425 5367
457 670 519 731 386
705 680 842 726 Joaunrs
859 680 1138 731 ssaasaaarnusrs
1278 670 1360 750 [arn.
1377 690 1409 737 v.

458 837 593 906 levatus,
618 832 702 915 pede
731 833 766 894 in
792 833 941 896 manibus
970 834 1051 896 meis
1078 836 1195 918 posito,
1223 832 1411 906 recubitet

456 937 588 1019 quievit,
603 946 698 1019 atque
712 955 756 997 ex
776 956 816 997 eo
837 934 890 999 die
908 946 1011 997 totum
1032 936 1204 1000 triennium
1227 960 1290 1021 ego
1310 952 1344 1005 et
1358 945 1410 1005 leo

454 1038 490 1101 in
510 1036 625 1100 eodem
643 1056 753 1119 specu,
772 1036 951 1119 eodemque
971 1036 1058 1099 victu
1078 1038 1229 1103 viximus.
1273 1044 1358 1105 Nam
1380 1045 1408 1107 si

455 1158 537 1222 quas
557 1138 731 1201 venabatur
751 1136 847 1212 seras,
866 1137 1009 1199 membra
1030 1137 1189 1219 opimiora
1210 1140 1251 1203 ad
1274 1165 1409 1226 specum

455 1239 656 1319 suggerebat,
671 1258 744 1319 quae
767 1257 840 1317 ego,
853 1236 939 1314 ignis
959 1236 1086 1320 copiam
1108 1260 1172 1302 non
1194 1241 1328 1321 habens,
1343 1266 1411 1308 me·

452 1340 576 1402 ridiano
591 1340 658 1401 sole
674 1347 759 1400 tosta
776 1336 925 1399 edebam.
970 1336 1035 1400 Sed
1051 1339 1107 1401 ubi
1121 1361 1184 1413 me,
1203 1341 1319 1426 inquit,
1334 1346 1408 1409 vitae

453 1436 539 1502 illius
561 1438 670 1501 serinae
686 1438 756 1522 jam
774 1447 947 1519 pertaesum
971 1449 1030 1512 est,
1045 1440 1140 1503 leone
1162 1455 1310 1506 venatum
1332 1465 1407 1527 pro-

452 1540 547 1618 fecto,
559 1540 675 1623 reliqui
690 1559 833 1622 specum,
843 1550 876 1601 et
886 1539 970 1602 viam
983 1539 1079 1603 ferme
1095 1542 1191 1605 tridui
1207 1566 1405 1627 permensus,

452 1664 473 1705 a
493 1642 650 1705 militibus
675 1643 771 1717 visus,
792 1640 1023 1723 apprehensus,
1046 1652 1078 1705 et
1104 1644 1146 1729 ad
1170 1645 1336 1709 dominum
1362 1669 1406 1711 ex

452 1744 558 1807 Africa
573 1744 710 1805 Romam
726 1741 883 1804 deductus
898 1763 979 1804 sum.
1019 1744 1053 1806 ls
1069 1765 1120 1806 me
1132 1746 1239 1809 statim
1255 1748 1301 1809 rei
1317 1749 1404 1831 capi-

452 1842 529 1905 talis
543 1841 770 1917 damnandnm,
785 1836 990 1923 dandumque
1010 1842 1051 1904 ad
1073 1844 1191 1906 bestias
1214 1848 1403 1927 procuravit.

452 1943 605 2023 Intelligo
628 1950 734 2003 autem
758 1940 845 2002 bunc
870 1960 998 2024 quoque
1020 1943 1160 2019 leonem,
1182 1965 1234 2007 me
1255 1954 1332 2008 tunc
1357 1968 1407 2009 se·

451 2053 562 2127 parato
591 2053 732 2125 captum,
764 2042 895 2122 gratiam
924 2063 1012 2106 nunc
1041 2042 1198 2106 beneficii
1228 2043 1344 2109 referre
1374 2058 1407 2111 et

451 2143 594 2207 medelae.
644 2142 776 2205 Solutus
800 2142 908 2224 itaque
934 2153 983 2205 est
1007 2164 1104 2225 poena
1129 2144 1344 2225 Andronicus,
1370 2158 1403 2212 et

452 2244 558 2307 eidem
580 2244 632 2305 leo
651 2242 749 2304 totius
768 2242 881 2325 populi
902 2243 1054 2322 suffragio
1076 2243 1223 2307 donatus.
1270 2246 1404 2311 Exinde

451 2344 662 2408 amicantibus
686 2343 749 2406 sibi
771 2343 902 2406 bomine
926 2352 959 2406 et
982 2346 1086 2422 leone,
1112 2354 1144 2407 ct
1168 2346 1281 2409 urbem
1295 2370 1402 2431 ,pera-

450 2445 614 2527 grantibus
636 2454 668 2506 et
687 2444 968 2522 circumeuntibus,
990 2444 1142 2508 dicebant
1164 2466 1294 2509 omnes:
1334 2451 1402 2513 Hic

449 2556 499 2609 est
512 2547 564 2608 leo
578 2546 697 2628 hospes
710 2544 860 2622 hominis,
877 2544 930 2607 hic
952 2554 999 2606 est
1012 2544 1110 2607 bomo
1125 2546 1273 2609 medicus
1287 2548 1401 2614 leonis.

450 2647 631 2719 Quaeris-ue
646 2645 793 2708 historias
807 2642 970 2708 notiores?
999 2644 1052 2707 De
1067 2642 1141 2707 lacu
1155 2646 1285 2709 leonum
1302 2649 1403 2713 exivit

449 2748 579 2823 Daniel,
604 2756 636 2809 et
660 2745 751 2829 pueri
778 2744 819 2808 da
845 2744 973 2808 camino
996 2745 1081 2826 ignis
1107 2759 1275 2810 eraserunt
1300 2750 1402 2813 illaesi.

448 2850 494 2913 Et
511 2847 597 2930 apud
617 2868 729 2910 omnes
747 2858 861 2928 gentes
883 2867 925 2908 ex
943 2846 1053 2927 gratia,
1072 2856 1188 2929 praeter
1206 2849 1402 2931 opinionem,

447 2951 489 3014 ab
502 2949 742 3012 imminentibus
763 2948 855 3010 malis
875 2948 999 3011 liberati
1021 2958 1097 3010 sunt
1118 2948 1259 3031 plurimi.
1303 2952 1402 3015 Unde

448 3051 557 3113 nullus
581 3070 701 3124 eornm,
723 3045 779 3130 qui
804 3068 920 3110 manus
942 3046 1121 3131 injecerunt
1147 3048 1220 3127 sibi,
1243 3051 1320 3113 satis
1343 3074 1399 3114 ex-

448 3160 576 3212 cusatus
591 3159 639 3211 est
652 3147 742 3224 mihi,
763 3147 840 3210 licet
853 3149 978 3229 magnis
989 3148 1162 3232 praeconiis
1184 3151 1402 3216 ecclesiastica

447 3248 578 3312 historia
606 3248 731 3332 aliquos
760 3249 882 3325 efferat,
907 3258 1120 3331 provocantes
1152 3261 1295 3329 mortem,
1325 3253 1402 3333 quia

447 3350 670 3434 temporariam
683 3348 780 3412 vitam
796 3348 885 3432 apud
900 3370 947 3426 se,
959 3370 1057 3431 quam
1072 3349 1261 3433 pudicitiam
1276 3352 1401 3433 pericli-

447 3451 507 3514 tari
521 3451 692 3513 malebant.
739 3451 782 3511 At
797 3470 852 3512 eos
870 3450 915 3513 sic
932 3462 1090 3513 excusant
1103 3450 1270 3512 infirmitas
1286 3453 1402 3531 carnis,

447 3562 479 3613 et
503 3534 686 3631 ignorantia
707 3548 800 3632 juris,
825 3559 857 3611 et
882 3549 1068 3611 incendium
1097 3547 1247 3623 caritatis,
1265 3558 1297 3612 et
1319 3552 1400 3615 forte

446 3651 632 3714 mandatum
656 3648 810 3709 familiare
834 3648 910 3725 Dei,
934 3658 969 3709 ut
990 3648 1036 3709 sic
1060 3648 1095 3709 in
1117 3648 1321 3731 simplicitate
1341 3673 1400 3715 sua

446 3753 619 3827 salventur,
634 3758 670 3810 ut
688 3765 892 3829 nequaquam
907 3745 948 3809 ad
964 3749 1227 3831 consequentiam
1250 3761 1399 3832 transcat,

445 3846 532 3933 quod
555 3846 742 3931 simpliciter
765 3858 1045 3930 praesumpserunt.
1092 3849 1172 3921 Quis
1197 3851 1281 3913 enim
1305 3854 1397 3916 locus

444 3961 494 4015 est
515 3948 704 4027 fortitudini,
731 3947 759 4011 si
783 3949 829 4011 sic
856 3947 972 4013 taedeat
995 3951 1132 4013 animam
1157 3952 1231 4014 vitae
1259 3974 1336 4030 sure,
1361 3964 1398 4017 ut

444 4050 536 4135 quasi
557 4049 711 4133 patientia
733 4050 828 4123 victa,
853 4060 886 4113 et
907 4050 1042 4133 praecisa
1065 4050 1177 4115 semita
1200 4052 1394 4133 meritorum,

444 4151 530 4236 quod
544 4147 737 4233 praecipitur,
751 4161 806 4214 aut
818 4162 966 4236 nequeat,
983 4163 1037 4216 aut
1058 4152 1197 4235 negligat
1217 4153 1392 4219 sustinere?

444 4252 540 4337 Apud
551 4251 712 4334 sapientes
722 4252 768 4315 sio
778 4252 843 4316 vita
855 4254 1080 4332 contemnitur,
1092 4253 1179 4338 quod
1190 4255 1393 4337 turpitudinis
