<?xml version="1.0" encoding="UTF-8"?>
<!DOCTYPE html PUBLIC "-//W3C//DTD XHTML 1.0 Transitional//EN"
    "http://www.w3.org/TR/xhtml1/DTD/xhtml1-transitional.dtd">
<html xmlns="http://www.w3.org/1999/xhtml" xml:lang="en" lang="en">
 <head>
  <title>
</title>
<meta http-equiv="Content-Type" content="text/html;charset=utf-8" />
  <meta name='ocr-system' content='tesseract 3.04.00' />
  <meta name='ocr-capabilities' content='ocr_page ocr_carea ocr_par ocr_line ocrx_word'/>
</head>
<body>
  <div class='ocr_page' id='page_1' title='image "./operaomnianuncp04johngoog_0232.png"; bbox 0 0 3425 5367; ppageno 0'>
   <div class='ocr_carea' id='block_1_1' title="bbox 333 745 1279 825">
    <p class='ocr_par' dir='ltr' id='par_1_1' title="bbox 333 745 1279 825">
     <span class='ocr_line' id='line_1_1' title="bbox 333 745 1279 825; baseline -0.007 -16"><span class='ocrx_word' id='word_1_1' title='bbox 333 765 403 809; x_wconf 79' lang='lat' dir='ltr'><strong>sse.</strong></span> <span class='ocrx_word' id='word_1_2' title='bbox 419 745 472 825; x_wconf 77' lang='lat' dir='ltr'><strong>tn]</strong></span> <span class='ocrx_word' id='word_1_3' title='bbox 694 759 948 806; x_wconf 77' lang='lat' dir='ltr'><strong>sourcnsuous.</strong></span> <span class='ocrx_word' id='word_1_4' title='bbox 1220 745 1279 803; x_wconf 76' lang='lat'><strong>221</strong></span> 
     </span>
    </p>
   </div>
   <div class='ocr_carea' id='block_1_2' title="bbox 297 996 1621 1386">
    <p class='ocr_par' dir='ltr' id='par_1_2' title="bbox 345 996 1285 1084">
     <span class='ocr_line' id='line_1_2' title="bbox 345 996 1285 1084; baseline -0.006 -20"><span class='ocrx_word' id='word_1_5' title='bbox 345 1001 426 1084; x_wconf 88' lang='lat' dir='ltr'><strong>Cap.</strong></span> <span class='ocrx_word' id='word_1_6' title='bbox 442 1006 472 1062; x_wconf 71' lang='lat'><strong>2.</strong></span> <span class='ocrx_word' id='word_1_7' title='bbox 503 1000 590 1074; x_wconf 79' lang='lat' dir='ltr'><strong>Quid</strong></span> <span class='ocrx_word' id='word_1_8' title='bbox 607 1002 680 1062; x_wconf 79' lang='lat' dir='ltr'><strong>lau:</strong></span> <span class='ocrx_word' id='word_1_9' title='bbox 705 1007 736 1061; x_wconf 85' lang='lat' dir='ltr'><strong>el</strong></span> <span class='ocrx_word' id='word_1_10' title='bbox 758 998 844 1079; x_wconf 77' lang='lat' dir='ltr'><strong>quod</strong></span> <span class='ocrx_word' id='word_1_11' title='bbox 862 999 1028 1078; x_wconf 81' lang='lat' dir='ltr'><strong>Princeps,</strong></span> <span class='ocrx_word' id='word_1_12' title='bbox 1048 996 1121 1058; x_wconf 80' lang='lat' dir='ltr'><strong>lieet</strong></span> <span class='ocrx_word' id='word_1_13' title='bbox 1140 997 1183 1058; x_wconf 86' lang='lat' dir='ltr'><strong>sil</strong></span> <span class='ocrx_word' id='word_1_14' title='bbox 1204 997 1285 1077; x_wconf 82' lang='lat' dir='ltr'><strong>legis</strong></span> 
     </span>
    </p>

    <p class='ocr_par' dir='ltr' id='par_1_3' title="bbox 297 1097 1621 1386">
     <span class='ocr_line' id='line_1_3' title="bbox 297 1097 1284 1180; baseline -0.006 -15"><span class='ocrx_word' id='word_1_15' title='bbox 297 1097 305 1110; x_wconf 83' lang='lat'>&#39;</span> <span class='ocrx_word' id='word_1_16' title='bbox 374 1102 505 1165; x_wconf 73' lang='lat' dir='ltr'><strong>aeribus</strong></span> <span class='ocrx_word' id='word_1_17' title='bbox 520 1101 698 1178; x_wconf 81' lang='lat' dir='ltr'><strong>absolutus,</strong></span> <span class='ocrx_word' id='word_1_18' title='bbox 719 1102 799 1180; x_wconf 79' lang='lat' dir='ltr'><strong>legia</strong></span> <span class='ocrx_word' id='word_1_19' title='bbox 815 1105 923 1162; x_wconf 80' lang='lat' dir='ltr'><strong>lamen</strong></span> <span class='ocrx_word' id='word_1_20' title='bbox 940 1117 1051 1162; x_wconf 75' lang='lat' dir='ltr'><strong>aarum</strong></span> <span class='ocrx_word' id='word_1_21' title='bbox 1071 1103 1116 1159; x_wconf 80' lang='lat' dir='ltr'><strong>est</strong></span> <span class='ocrx_word' id='word_1_22' title='bbox 1135 1105 1166 1160; x_wconf 86' lang='lat' dir='ltr'><strong>et</strong></span> <span class='ocrx_word' id='word_1_23' title='bbox 1185 1099 1284 1178; x_wconf 77' lang='lat' dir='ltr'><strong>requi-</strong></span> 
     </span>
     <span class='ocr_line' id='line_1_4' title="bbox 378 1201 1286 1284; baseline -0.003 -17"><span class='ocrx_word' id='word_1_24' title='bbox 378 1205 468 1278; x_wconf 83' lang='lat' dir='ltr'><strong>latia,</strong></span> <span class='ocrx_word' id='word_1_25' title='bbox 488 1205 634 1284; x_wconf 60' lang='lat' dir='ltr'><strong>gestaque</strong></span> <span class='ocrx_word' id='word_1_26' title='bbox 655 1221 827 1283; x_wconf 78' lang='lat' dir='ltr'><strong>personum</strong></span> <span class='ocrx_word' id='word_1_27' title='bbox 853 1201 1024 1282; x_wconf 78' lang='lat' dir='ltr'><em>publicam,</em></span> <span class='ocrx_word' id='word_1_28' title='bbox 1046 1205 1077 1262; x_wconf 85' lang='lat' dir='ltr'><strong>el</strong></span> <span class='ocrx_word' id='word_1_29' title='bbox 1098 1201 1286 1264; x_wconf 77' lang='lat' dir='ltr'><strong>iunocenter</strong></span> 
     </span>
     <span class='ocr_line' id='line_1_5' title="bbox 376 1281 1621 1386; baseline -0.005 -20"><span class='ocrx_word' id='word_1_30' title='bbox 376 1304 704 1386; x_wconf 78' lang='lat' dir='ltr'><strong>sauguiuamfimdil.</strong></span> <span class='ocrx_word' id='word_1_31' title='bbox 1539 1281 1621 1360; x_wconf 40' lang='grc' dir='ltr'><strong>,Μ’</strong></span> 
     </span>
    </p>
   </div>
   <div class='ocr_carea' id='block_1_3' title="bbox 377 1356 1530 1503">
    <p class='ocr_par' dir='ltr' id='par_1_4' title="bbox 377 1356 1530 1503">
     <span class='ocr_line' id='line_1_6' title="bbox 1498 1356 1530 1402; baseline 0 -15"><span class='ocrx_word' id='word_1_32' title='bbox 1498 1356 1530 1402; x_wconf 73' lang='lat' dir='ltr'><strong>Jli</strong></span> 
     </span>
     <span class='ocr_line' id='line_1_7' title="bbox 377 1385 1485 1503; baseline -0.01 -19"><span class='ocrx_word' id='word_1_33' title='bbox 377 1419 481 1484; x_wconf 77' lang='lat' dir='ltr'><strong>Nnc</strong></span> <span class='ocrx_word' id='word_1_34' title='bbox 473 1441 505 1482; x_wconf 93' lang='lat' dir='ltr'><strong>m</strong></span> <span class='ocrx_word' id='word_1_35' title='bbox 528 1443 567 1484; x_wconf 92' lang='lat' dir='ltr'><strong>eo</strong></span> <span class='ocrx_word' id='word_1_36' title='bbox 589 1419 649 1483; x_wconf 83' lang='lat' dir='ltr'>sibi</span> <span class='ocrx_word' id='word_1_37' title='bbox 675 1417 837 1503; x_wconf 82' lang='lat' dir='ltr'>Principes</span> <span class='ocrx_word' id='word_1_38' title='bbox 859 1416 983 1481; x_wconf 85' lang='lat' dir='ltr'>detrahi</span> <span class='ocrx_word' id='word_1_39' title='bbox 1004 1417 1253 1494; x_wconf 82' lang='lat' dir='ltr'><strong>arbitrentur,</strong></span> <span class='ocrx_word' id='word_1_40' title='bbox 1225 1418 1283 1484; x_wconf 89' lang='lat' dir='ltr'><strong>rusi</strong></span> <span class='ocrx_word' id='word_1_41' title='bbox 1309 1385 1485 1475; x_wconf 40' lang='lat' dir='ltr'><strong>(time</strong></span> 
     </span>
    </p>
   </div>
   <div class='ocr_carea' id='block_1_4' title="bbox 328 1517 1596 2719">
    <p class='ocr_par' dir='ltr' id='par_1_5' title="bbox 328 1517 1596 2719">
     <span class='ocr_line' id='line_1_8' title="bbox 328 1517 1285 1607; baseline -0.001 -22"><span class='ocrx_word' id='word_1_42' title='bbox 328 1521 466 1607; x_wconf 70' lang='lat' dir='ltr'><strong>justitiae</strong></span> <span class='ocrx_word' id='word_1_43' title='bbox 489 1543 556 1584; x_wconf 79' lang='lat' dir='ltr'><strong>sure</strong></span> <span class='ocrx_word' id='word_1_44' title='bbox 578 1531 699 1586; x_wconf 85' lang='lat' dir='ltr'><strong>statuta</strong></span> <span class='ocrx_word' id='word_1_45' title='bbox 719 1519 919 1605; x_wconf 85' lang='lat' dir='ltr'><strong>prael&#39;erenda</strong></span> <span class='ocrx_word' id='word_1_46' title='bbox 940 1517 1161 1584; x_wconf 86' lang='lat' dir='ltr'><strong>crediderint</strong></span> <span class='ocrx_word' id='word_1_47' title='bbox 1149 1542 1204 1605; x_wconf 89' lang='lat' dir='ltr'><strong>Jus</strong></span> <span class='ocrx_word' id='word_1_48' title='bbox 1206 1519 1285 1584; x_wconf 85' lang='lat' dir='ltr'><strong>titioe</strong></span> 
     </span>
     <span class='ocr_line' id='line_1_9' title="bbox 334 1618 1285 1706; baseline -0.001 -20"><span class='ocrx_word' id='word_1_49' title='bbox 334 1621 408 1698; x_wconf 88' lang='lat' dir='ltr'><strong>Dei,</strong></span> <span class='ocrx_word' id='word_1_50' title='bbox 430 1621 523 1706; x_wconf 88' lang='lat' dir='ltr'><strong>cujus</strong></span> <span class='ocrx_word' id='word_1_51' title='bbox 542 1619 683 1706; x_wconf 85' lang='lat' dir='ltr'><strong>justitia,</strong></span> <span class='ocrx_word' id='word_1_52' title='bbox 705 1619 834 1704; x_wconf 87' lang='lat' dir='ltr'><strong>justitia</strong></span> <span class='ocrx_word' id='word_1_53' title='bbox 855 1618 888 1682; x_wconf 91' lang='lat' dir='ltr'><strong>in</strong></span> <span class='ocrx_word' id='word_1_54' title='bbox 912 1632 1065 1684; x_wconf 86' lang='lat' dir='ltr'><strong>aeternum</strong></span> <span class='ocrx_word' id='word_1_55' title='bbox 1093 1631 1152 1697; x_wconf 89' lang='lat' dir='ltr'><strong>est,</strong></span> <span class='ocrx_word' id='word_1_56' title='bbox 1174 1633 1206 1684; x_wconf 89' lang='lat' dir='ltr'><strong>et</strong></span> <span class='ocrx_word' id='word_1_57' title='bbox 1233 1621 1285 1685; x_wconf 85' lang='lat' dir='ltr'><strong>lex</strong></span> 
     </span>
     <span class='ocr_line' id='line_1_10' title="bbox 333 1718 1285 1809; baseline -0.001 -23"><span class='ocrx_word' id='word_1_58' title='bbox 333 1723 404 1809; x_wconf 87' lang='lat' dir='ltr'><strong>ejus</strong></span> <span class='ocrx_word' id='word_1_59' title='bbox 418 1721 564 1808; x_wconf 82' lang='lat' dir='ltr'><strong>oequitas.</strong></span> <span class='ocrx_word' id='word_1_60' title='bbox 602 1723 702 1786; x_wconf 86' lang='lat' dir='ltr'><strong>Porro</strong></span> <span class='ocrx_word' id='word_1_61' title='bbox 716 1719 865 1806; x_wconf 75' lang='lat' dir='ltr'><strong>aequitas,</strong></span> <span class='ocrx_word' id='word_1_62' title='bbox 876 1731 912 1784; x_wconf 89' lang='lat' dir='ltr'><strong>ut</strong></span> <span class='ocrx_word' id='word_1_63' title='bbox 923 1718 1006 1805; x_wconf 87' lang='lat' dir='ltr'><strong>juris</strong></span> <span class='ocrx_word' id='word_1_64' title='bbox 1021 1719 1116 1805; x_wconf 86' lang='lat' dir='ltr'><strong>periti</strong></span> <span class='ocrx_word' id='word_1_65' title='bbox 1127 1733 1285 1801; x_wconf 88' lang='lat' dir='ltr'><strong>asserunt,</strong></span> 
     </span>
     <span class='ocr_line' id='line_1_11' title="bbox 333 1820 1596 1928; baseline -0.001 -40"><span class='ocrx_word' id='word_1_66' title='bbox 333 1846 440 1888; x_wconf 86' lang='lat' dir='ltr'><strong>rerum</strong></span> <span class='ocrx_word' id='word_1_67' title='bbox 454 1823 681 1888; x_wconf 82' lang='lat' dir='ltr'><strong>suaveolentia</strong></span> <span class='ocrx_word' id='word_1_68' title='bbox 702 1833 761 1898; x_wconf 86' lang='lat' dir='ltr'><strong>est,</strong></span> <span class='ocrx_word' id='word_1_69' title='bbox 777 1843 852 1908; x_wconf 86' lang='lat' dir='ltr'><strong>quae</strong></span> <span class='ocrx_word' id='word_1_70' title='bbox 873 1833 988 1886; x_wconf 87' lang='lat' dir='ltr'><strong>cuncta</strong></span> <span class='ocrx_word' id='word_1_71' title='bbox 1006 1820 1229 1917; x_wconf 78' lang='lat' dir='ltr'><strong>coaequiparat</strong></span> <span class='ocrx_word' id='word_1_72' title='bbox 1236 1844 1285 1886; x_wconf 85' lang='lat' dir='ltr'><strong>ra·</strong></span> <span class='ocrx_word' id='word_1_73' title='bbox 1307 1843 1383 1928; x_wconf 36' lang='grc' dir='ltr'><strong>ἂι,</strong></span> <span class='ocrx_word' id='word_1_74' title='bbox 1399 1835 1517 1928; x_wconf 33' lang='grc' dir='ltr'><strong>[Α</strong></span> <span class='ocrx_word' id='word_1_75' title='bbox 1525 1857 1596 1916; x_wconf 69' lang='lat' dir='ltr'><strong>t?</strong></span> 
     </span>
     <span class='ocr_line' id='line_1_12' title="bbox 334 1907 1283 2038; baseline -0.001 -51"><span class='ocrx_word' id='word_1_76' title='bbox 334 1926 433 1999; x_wconf 89' lang='lat' dir='ltr'><strong>tione,</strong></span> <span class='ocrx_word' id='word_1_77' title='bbox 454 1907 499 1988; x_wconf 94' lang='lat' dir='ltr'><strong>et</strong></span> <span class='ocrx_word' id='word_1_78' title='bbox 512 1926 545 1988; x_wconf 93' lang='lat' dir='ltr'><strong>in</strong></span> <span class='ocrx_word' id='word_1_79' title='bbox 567 1923 699 2010; x_wconf 86' lang='lat' dir='ltr'><strong>paribus</strong></span> <span class='ocrx_word' id='word_1_80' title='bbox 724 1921 821 1987; x_wconf 89' lang='lat' dir='ltr'><strong>rebus</strong></span> <span class='ocrx_word' id='word_1_81' title='bbox 844 1925 933 2038; x_wconf 80' lang='lat' dir='ltr'><strong>pario</strong></span> <span class='ocrx_word' id='word_1_82' title='bbox 953 1922 1030 2006; x_wconf 84' lang='lat' dir='ltr'><strong>jura</strong></span> <span class='ocrx_word' id='word_1_83' title='bbox 1055 1921 1258 1998; x_wconf 49' lang='lat' dir='ltr'><strong>desiderats</strong></span> <span class='ocrx_word' id='word_1_84' title='bbox 1251 1945 1283 1986; x_wconf 90' lang='lat' dir='ltr'><strong>m</strong></span> 
     </span>
     <span class='ocr_line' id='line_1_13' title="bbox 333 2012 1283 2110; baseline 0 -22"><span class='ocrx_word' id='word_1_85' title='bbox 333 2045 443 2088; x_wconf 91' lang='lat' dir='ltr'><strong>omnes</strong></span> <span class='ocrx_word' id='word_1_86' title='bbox 456 2023 634 2110; x_wconf 74' lang='lat' dir='ltr'><strong>aequabilis,</strong></span> <span class='ocrx_word' id='word_1_87' title='bbox 647 2012 789 2088; x_wconf 85' lang='lat' dir='ltr'><strong>tribuens</strong></span> <span class='ocrx_word' id='word_1_88' title='bbox 810 2021 985 2108; x_wconf 83' lang='lat' dir='ltr'><strong>unicnique</strong></span> <span class='ocrx_word' id='word_1_89' title='bbox 1003 2021 1091 2108; x_wconf 92' lang='lat' dir='ltr'><strong>quod</strong></span> <span class='ocrx_word' id='word_1_90' title='bbox 1112 2045 1204 2087; x_wconf 92' lang='lat' dir='ltr'><strong>suum</strong></span> <span class='ocrx_word' id='word_1_91' title='bbox 1226 2037 1283 2088; x_wconf 89' lang='lat' dir='ltr'><strong>est.</strong></span> 
     </span>
     <span class='ocr_line' id='line_1_14' title="bbox 335 2123 1284 2211; baseline 0.002 -21"><span class='ocrx_word' id='word_1_92' title='bbox 335 2124 402 2190; x_wconf 86' lang='lat' dir='ltr'><strong>Lex</strong></span> <span class='ocrx_word' id='word_1_93' title='bbox 425 2148 500 2190; x_wconf 82' lang='lat' dir='ltr'><strong>vero</strong></span> <span class='ocrx_word' id='word_1_94' title='bbox 518 2126 589 2211; x_wconf 89' lang='lat' dir='ltr'><strong>ejus</strong></span> <span class='ocrx_word' id='word_1_95' title='bbox 607 2125 763 2211; x_wconf 82' lang='lat' dir='ltr'><strong>interpres</strong></span> <span class='ocrx_word' id='word_1_96' title='bbox 784 2137 843 2203; x_wconf 88' lang='lat' dir='ltr'><strong>est,</strong></span> <span class='ocrx_word' id='word_1_97' title='bbox 861 2136 974 2209; x_wconf 85' lang='lat' dir='ltr'><strong>utpote</strong></span> <span class='ocrx_word' id='word_1_98' title='bbox 996 2123 1048 2187; x_wconf 87' lang='lat' dir='ltr'><strong>cui</strong></span> <span class='ocrx_word' id='word_1_99' title='bbox 1071 2125 1233 2210; x_wconf 68' lang='lat' dir='ltr'><strong>aequitatis</strong></span> <span class='ocrx_word' id='word_1_100' title='bbox 1252 2139 1284 2192; x_wconf 88' lang='lat' dir='ltr'><strong>et</strong></span> 
     </span>
     <span class='ocr_line' id='line_1_15' title="bbox 330 2224 1285 2313; baseline 0.002 -21"><span class='ocrx_word' id='word_1_101' title='bbox 330 2226 467 2313; x_wconf 84' lang='lat' dir='ltr'><strong>justitioe</strong></span> <span class='ocrx_word' id='word_1_102' title='bbox 496 2225 643 2291; x_wconf 85' lang='lat' dir='ltr'><strong>voluntas</strong></span> <span class='ocrx_word' id='word_1_103' title='bbox 670 2225 821 2290; x_wconf 89' lang='lat' dir='ltr'><strong>innotuit.</strong></span> <span class='ocrx_word' id='word_1_104' title='bbox 872 2224 969 2290; x_wconf 85' lang='lat' dir='ltr'><strong>Unde</strong></span> <span class='ocrx_word' id='word_1_105' title='bbox 991 2237 1023 2290; x_wconf 91' lang='lat' dir='ltr'><strong>et</strong></span> <span class='ocrx_word' id='word_1_106' title='bbox 1049 2247 1117 2290; x_wconf 86' lang='lat' dir='ltr'><strong>eam</strong></span> <span class='ocrx_word' id='word_1_107' title='bbox 1142 2227 1285 2294; x_wconf 92' lang='lat' dir='ltr'><strong>omnium</strong></span> 
     </span>
     <span class='ocr_line' id='line_1_16' title="bbox 336 2325 1284 2412; baseline 0.003 -19"><span class='ocrx_word' id='word_1_108' title='bbox 336 2351 455 2405; x_wconf 86' lang='lat' dir='ltr'><strong>rerum,</strong></span> <span class='ocrx_word' id='word_1_109' title='bbox 485 2327 666 2392; x_wconf 85' lang='lat' dir='ltr'><strong>divinarum</strong></span> <span class='ocrx_word' id='word_1_110' title='bbox 696 2340 729 2391; x_wconf 92' lang='lat' dir='ltr'><strong>et</strong></span> <span class='ocrx_word' id='word_1_111' title='bbox 757 2325 982 2403; x_wconf 89' lang='lat' dir='ltr'><strong>humanarum,</strong></span> <span class='ocrx_word' id='word_1_112' title='bbox 1011 2340 1188 2412; x_wconf 82' lang='lat' dir='ltr'><strong>compotem</strong></span> <span class='ocrx_word' id='word_1_113' title='bbox 1218 2353 1284 2396; x_wconf 87' lang='lat' dir='ltr'><strong>esse</strong></span> 
     </span>
     <span class='ocr_line' id='line_1_17' title="bbox 338 2427 1285 2516; baseline 0 -20"><span class='ocrx_word' id='word_1_114' title='bbox 338 2429 540 2516; x_wconf 79' lang='lat' dir='ltr'><strong>Chrysippus</strong></span> <span class='ocrx_word' id='word_1_115' title='bbox 576 2427 729 2494; x_wconf 82' lang='lat' dir='ltr'><strong>asseruit:</strong></span> <span class='ocrx_word' id='word_1_116' title='bbox 775 2427 919 2512; x_wconf 86' lang='lat' dir='ltr'><strong>Ideoque</strong></span> <span class='ocrx_word' id='word_1_117' title='bbox 953 2447 1105 2513; x_wconf 76' lang='lat' dir='ltr'><strong>praestare</strong></span> <span class='ocrx_word' id='word_1_118' title='bbox 1138 2432 1285 2499; x_wconf 89' lang='lat' dir='ltr'><strong>omnibus</strong></span> 
     </span>
     <span class='ocr_line' id='line_1_18' title="bbox 335 2528 1284 2618; baseline 0.003 -23"><span class='ocrx_word' id='word_1_119' title='bbox 335 2531 427 2595; x_wconf 91' lang='lat' dir='ltr'><strong>bouis</strong></span> <span class='ocrx_word' id='word_1_120' title='bbox 446 2543 477 2594; x_wconf 85' lang='lat' dir='ltr'><strong>et</strong></span> <span class='ocrx_word' id='word_1_121' title='bbox 497 2528 602 2608; x_wconf 88' lang='lat' dir='ltr'><strong>malis,</strong></span> <span class='ocrx_word' id='word_1_122' title='bbox 620 2543 653 2593; x_wconf 92' lang='lat' dir='ltr'><strong>et</strong></span> <span class='ocrx_word' id='word_1_123' title='bbox 672 2542 736 2593; x_wconf 89' lang='lat' dir='ltr'><strong>tam</strong></span> <span class='ocrx_word' id='word_1_124' title='bbox 757 2549 863 2592; x_wconf 83' lang='lat' dir='ltr'><strong>rerum</strong></span> <span class='ocrx_word' id='word_1_125' title='bbox 885 2550 981 2613; x_wconf 86' lang='lat' dir='ltr'><strong>quam</strong></span> <span class='ocrx_word' id='word_1_126' title='bbox 1004 2528 1179 2612; x_wconf 91' lang='lat' dir='ltr'><strong>hominum,</strong></span> <span class='ocrx_word' id='word_1_127' title='bbox 1199 2536 1284 2618; x_wconf 92' lang='lat' dir='ltr'><strong>prin-</strong></span> 
     </span>
     <span class='ocr_line' id='line_1_19' title="bbox 336 2629 1285 2719; baseline 0.004 -23"><span class='ocrx_word' id='word_1_128' title='bbox 336 2631 439 2719; x_wconf 85' lang='lat' dir='ltr'><strong>cipem</strong></span> <span class='ocrx_word' id='word_1_129' title='bbox 460 2645 493 2694; x_wconf 90' lang='lat' dir='ltr'><strong>et</strong></span> <span class='ocrx_word' id='word_1_130' title='bbox 514 2630 628 2694; x_wconf 91' lang='lat' dir='ltr'><strong>ducem</strong></span> <span class='ocrx_word' id='word_1_131' title='bbox 651 2651 728 2694; x_wconf 87' lang='lat' dir='ltr'><strong>esse.</strong></span> <span class='ocrx_word' id='word_1_132' title='bbox 773 2629 835 2694; x_wconf 79' lang='lat' dir='ltr'><strong>cni</strong></span> <span class='ocrx_word' id='word_1_133' title='bbox 860 2629 1063 2714; x_wconf 83' lang='lat' dir='ltr'><strong>Papinianus,</strong></span> <span class='ocrx_word' id='word_1_134' title='bbox 1084 2631 1133 2695; x_wconf 88' lang='lat' dir='ltr'><strong>vir</strong></span> <span class='ocrx_word' id='word_1_135' title='bbox 1156 2633 1285 2718; x_wconf 91' lang='lat' dir='ltr'><strong>quidem</strong></span> 
     </span>
    </p>
   </div>
   <div class='ocr_carea' id='block_1_5' title="bbox 332 2729 1288 3121">
    <p class='ocr_par' dir='ltr' id='par_1_6' title="bbox 332 2729 1288 3121">
     <span class='ocr_line' id='line_1_20' title="bbox 334 2729 1286 2820; baseline 0.001 -22"><span class='ocrx_word' id='word_1_136' title='bbox 334 2732 418 2818; x_wconf 80' lang='lat' dir='ltr'><strong>juris</strong></span> <span class='ocrx_word' id='word_1_137' title='bbox 439 2729 742 2818; x_wconf 82' lang='lat' dir='ltr'><strong>experientissimus,</strong></span> <span class='ocrx_word' id='word_1_138' title='bbox 762 2743 793 2794; x_wconf 89' lang='lat' dir='ltr'><strong>et</strong></span> <span class='ocrx_word' id='word_1_139' title='bbox 816 2729 1058 2808; x_wconf 89' lang='lat' dir='ltr'><strong>Demosthenes,</strong></span> <span class='ocrx_word' id='word_1_140' title='bbox 1077 2745 1184 2798; x_wconf 87' lang='lat' dir='ltr'><strong>orator</strong></span> <span class='ocrx_word' id='word_1_141' title='bbox 1205 2757 1286 2820; x_wconf 82' lang='lat' dir='ltr'><strong>proe-</strong></span> 
     </span>
     <span class='ocr_line' id='line_1_21' title="bbox 337 2830 1288 2921; baseline 0.006 -25"><span class='ocrx_word' id='word_1_142' title='bbox 337 2846 462 2919; x_wconf 85' lang='lat' dir='ltr'><strong>potens,</strong></span> <span class='ocrx_word' id='word_1_143' title='bbox 472 2831 621 2896; x_wconf 83' lang='lat' dir='ltr'><strong>videntur</strong></span> <span class='ocrx_word' id='word_1_144' title='bbox 637 2830 813 2921; x_wconf 83' lang='lat' dir='ltr'><strong>suffragari,</strong></span> <span class='ocrx_word' id='word_1_145' title='bbox 829 2843 861 2896; x_wconf 88' lang='lat' dir='ltr'><strong>et</strong></span> <span class='ocrx_word' id='word_1_146' title='bbox 876 2830 1016 2894; x_wconf 88' lang='lat' dir='ltr'><strong>omnium</strong></span> <span class='ocrx_word' id='word_1_147' title='bbox 1033 2831 1195 2898; x_wconf 89' lang='lat' dir='ltr'><strong>hominum</strong></span> <span class='ocrx_word' id='word_1_148' title='bbox 1211 2838 1288 2902; x_wconf 89' lang='lat' dir='ltr'><strong>sub·</strong></span> 
     </span>
     <span class='ocr_line' id='line_1_22' title="bbox 332 2932 1286 3022; baseline 0.007 -25"><span class='ocrx_word' id='word_1_149' title='bbox 332 2935 431 3020; x_wconf 87' lang='lat' dir='ltr'><strong>jicere</strong></span> <span class='ocrx_word' id='word_1_150' title='bbox 444 2933 669 3010; x_wconf 88' lang='lat' dir='ltr'><strong>obedientiam,</strong></span> <span class='ocrx_word' id='word_1_151' title='bbox 680 2933 812 3018; x_wconf 88' lang='lat' dir='ltr'><strong>eoquod</strong></span> <span class='ocrx_word' id='word_1_152' title='bbox 829 2933 880 2996; x_wconf 85' lang='lat' dir='ltr'><strong>lex</strong></span> <span class='ocrx_word' id='word_1_153' title='bbox 892 2932 994 2996; x_wconf 84' lang='lat' dir='ltr'><strong>omnis</strong></span> <span class='ocrx_word' id='word_1_154' title='bbox 1006 2935 1144 3000; x_wconf 88' lang='lat' dir='ltr'><strong>inventio</strong></span> <span class='ocrx_word' id='word_1_155' title='bbox 1155 2938 1286 3022; x_wconf 86' lang='lat' dir='ltr'><strong>quidem</strong></span> 
     </span>
     <span class='ocr_line' id='line_1_23' title="bbox 337 3033 1288 3121; baseline 0.005 -20"><span class='ocrx_word' id='word_1_156' title='bbox 337 3049 397 3115; x_wconf 85' lang='lat' dir='ltr'><strong>est,</strong></span> <span class='ocrx_word' id='word_1_157' title='bbox 418 3047 450 3100; x_wconf 89' lang='lat' dir='ltr'><strong>et</strong></span> <span class='ocrx_word' id='word_1_158' title='bbox 472 3034 592 3098; x_wconf 90' lang='lat' dir='ltr'><strong>donum</strong></span> <span class='ocrx_word' id='word_1_159' title='bbox 616 3035 690 3111; x_wconf 92' lang='lat' dir='ltr'><strong>Dei,</strong></span> <span class='ocrx_word' id='word_1_160' title='bbox 712 3033 828 3116; x_wconf 75' lang='lat' dir='ltr'><strong>dogma</strong></span> <span class='ocrx_word' id='word_1_161' title='bbox 850 3035 1041 3121; x_wconf 85' lang='lat' dir='ltr'><strong>sapientum,</strong></span> <span class='ocrx_word' id='word_1_162' title='bbox 1063 3043 1215 3105; x_wconf 86' lang='lat' dir='ltr'><strong>correctio</strong></span> <span class='ocrx_word' id='word_1_163' title='bbox 1231 3064 1288 3106; x_wconf 86' lang='lat' dir='ltr'><strong>vo·</strong></span> 
     </span>
    </p>
   </div>
   <div class='ocr_carea' id='block_1_6' title="bbox 337 3136 1517 4448">
    <p class='ocr_par' dir='ltr' id='par_1_7' title="bbox 337 3136 1517 4448">
     <span class='ocr_line' id='line_1_24' title="bbox 339 3136 1289 3223; baseline 0.007 -21"><span class='ocrx_word' id='word_1_164' title='bbox 339 3137 549 3203; x_wconf 84' lang='lat' dir='ltr'><strong>luntatiorum</strong></span> <span class='ocrx_word' id='word_1_165' title='bbox 563 3157 762 3213; x_wconf 79' lang='lat' dir='ltr'><strong>excessuum,</strong></span> <span class='ocrx_word' id='word_1_166' title='bbox 777 3136 915 3201; x_wconf 86' lang='lat' dir='ltr'><strong>civitatis</strong></span> <span class='ocrx_word' id='word_1_167' title='bbox 929 3142 1126 3223; x_wconf 81' lang='lat' dir='ltr'><strong>compositio,</strong></span> <span class='ocrx_word' id='word_1_168' title='bbox 1142 3154 1173 3206; x_wconf 89' lang='lat' dir='ltr'><strong>et</strong></span> <span class='ocrx_word' id='word_1_169' title='bbox 1190 3143 1289 3209; x_wconf 90' lang='lat' dir='ltr'><strong>totius</strong></span> 
     </span>
     <span class='ocr_line' id='line_1_25' title="bbox 338 3238 1289 3327; baseline 0.006 -21"><span class='ocrx_word' id='word_1_170' title='bbox 338 3240 480 3306; x_wconf 83' lang='lat' dir='ltr'><strong>criminis</strong></span> <span class='ocrx_word' id='word_1_171' title='bbox 493 3239 588 3326; x_wconf 80' lang='lat' dir='ltr'><strong>luga3</strong></span> <span class='ocrx_word' id='word_1_172' title='bbox 623 3240 796 3306; x_wconf 83' lang='lat' dir='ltr'><strong>seeundum</strong></span> <span class='ocrx_word' id='word_1_173' title='bbox 818 3261 914 3325; x_wconf 86' lang='lat' dir='ltr'><strong>quam</strong></span> <span class='ocrx_word' id='word_1_174' title='bbox 934 3238 1023 3305; x_wconf 87' lang='lat' dir='ltr'><strong>decet</strong></span> <span class='ocrx_word' id='word_1_175' title='bbox 1047 3243 1153 3306; x_wconf 87' lang='lat' dir='ltr'><strong>vivere</strong></span> <span class='ocrx_word' id='word_1_176' title='bbox 1170 3267 1289 3327; x_wconf 88' lang='lat' dir='ltr'><strong>omnes,</strong></span> 
     </span>
     <span class='ocr_line' id='line_1_26' title="bbox 337 3341 1290 3435; baseline 0.006 -27"><span class='ocrx_word' id='word_1_177' title='bbox 337 3343 437 3432; x_wconf 90' lang='lat' dir='ltr'><strong>quiin</strong></span> <span class='ocrx_word' id='word_1_178' title='bbox 446 3341 583 3429; x_wconf 75' lang='lat' dir='ltr'><strong>politiam</strong></span> <span class='ocrx_word' id='word_1_179' title='bbox 593 3343 638 3406; x_wconf 82' lang='lat' dir='ltr'><strong>rei</strong></span> <span class='ocrx_word' id='word_1_180' title='bbox 649 3343 854 3407; x_wconf 80' lang='lat' dir='ltr'><strong>universitate</strong></span> <span class='ocrx_word' id='word_1_181' title='bbox 865 3355 1038 3408; x_wconf 84' lang='lat' dir='ltr'><strong>versantur.</strong></span> <span class='ocrx_word' id='word_1_182' title='bbox 1055 3343 1173 3410; x_wconf 90' lang='lat' dir='ltr'><strong>Omnes</strong></span> <span class='ocrx_word' id='word_1_183' title='bbox 1181 3349 1290 3435; x_wconf 87' lang='lat' dir='ltr'><strong>itaque</strong></span> 
     </span>
     <span class='ocr_line' id='line_1_27' title="bbox 337 3443 1290 3530; baseline 0.002 -18"><span class='ocrx_word' id='word_1_184' title='bbox 337 3443 1290 3530; x_wconf 80' lang='lat' dir='ltr'><strong>ueoessitatelegisservandoenecessitatetenenturadstricti,</strong></span> 
     </span>
     <span class='ocr_line' id='line_1_28' title="bbox 338 3545 1290 3632; baseline 0.005 -20"><span class='ocrx_word' id='word_1_185' title='bbox 338 3547 398 3612; x_wconf 87' lang='lat' dir='ltr'><strong>nisi</strong></span> <span class='ocrx_word' id='word_1_186' title='bbox 414 3547 498 3612; x_wconf 84' lang='lat' dir='ltr'><strong>forts</strong></span> <span class='ocrx_word' id='word_1_187' title='bbox 519 3546 636 3632; x_wconf 86' lang='lat' dir='ltr'><strong>aliquis</strong></span> <span class='ocrx_word' id='word_1_188' title='bbox 656 3545 708 3625; x_wconf 89' lang='lat' dir='ltr'><strong>sit,</strong></span> <span class='ocrx_word' id='word_1_189' title='bbox 722 3545 774 3610; x_wconf 90' lang='lat' dir='ltr'><strong>cui</strong></span> <span class='ocrx_word' id='word_1_190' title='bbox 796 3545 976 3632; x_wconf 86' lang='lat' dir='ltr'><strong>iniquitatis</strong></span> <span class='ocrx_word' id='word_1_191' title='bbox 996 3545 1121 3612; x_wconf 83' lang='lat' dir='ltr'><strong>lieentia</strong></span> <span class='ocrx_word' id='word_1_192' title='bbox 1143 3549 1290 3616; x_wconf 78' lang='lat' dir='ltr'><strong>videatur</strong></span> 
     </span>
     <span class='ocr_line' id='line_1_29' title="bbox 339 3645 1517 3734; baseline 0.006 -20"><span class='ocrx_word' id='word_1_193' title='bbox 339 3649 474 3716; x_wconf 71' lang='lat' dir='ltr'><strong>indulta</strong></span> <span class='ocrx_word' id='word_1_194' title='bbox 487 3646 500 3680; x_wconf 46' lang='grc' dir='ltr'><strong>ι</strong></span> <span class='ocrx_word' id='word_1_195' title='bbox 514 3646 665 3734; x_wconf 87' lang='lat' dir='ltr'><strong>Princeps</strong></span> <span class='ocrx_word' id='word_1_196' title='bbox 685 3661 790 3712; x_wconf 88' lang='lat' dir='ltr'><strong>tamen</strong></span> <span class='ocrx_word' id='word_1_197' title='bbox 811 3648 890 3733; x_wconf 87' lang='lat' dir='ltr'><strong>legis</strong></span> <span class='ocrx_word' id='word_1_198' title='bbox 911 3649 1047 3714; x_wconf 88' lang='lat' dir='ltr'><strong>nexibus</strong></span> <span class='ocrx_word' id='word_1_199' title='bbox 1064 3645 1185 3718; x_wconf 83' lang='lat' dir='ltr'><strong>dicitur</strong></span> <span class='ocrx_word' id='word_1_200' title='bbox 1199 3655 1290 3720; x_wconf 84' lang='lat' dir='ltr'><strong>abso·</strong></span> <span class='ocrx_word' id='word_1_201' title='bbox 1314 3700 1359 3726; x_wconf 40' lang='lat' dir='ltr'><strong>a.</strong></span> <span class='ocrx_word' id='word_1_202' title='bbox 1380 3707 1402 3728; x_wconf 90' lang='grc'><strong>,,</strong></span> <span class='ocrx_word' id='word_1_203' title='bbox 1450 3707 1456 3722; x_wconf 83' lang='grc'><em>,</em></span> <span class='ocrx_word' id='word_1_204' title='bbox 1479 3698 1489 3718; x_wconf 48' lang='grc' dir='ltr'><strong>,ι</strong></span> <span class='ocrx_word' id='word_1_205' title='bbox 1509 3674 1517 3720; x_wconf 85' lang='grc'><strong>,’</strong></span> 
     </span>
     <span class='ocr_line' id='line_1_30' title="bbox 341 3745 1291 3838; baseline 0.006 -22"><span class='ocrx_word' id='word_1_206' title='bbox 341 3745 518 3830; x_wconf 85' lang='lat' dir='ltr'><strong>lutus,&#39;non</strong></span> <span class='ocrx_word' id='word_1_207' title='bbox 530 3751 606 3836; x_wconf 89' lang='lat' dir='ltr'><strong>quia</strong></span> <span class='ocrx_word' id='word_1_208' title='bbox 615 3749 645 3813; x_wconf 90' lang='lat' dir='ltr'><strong>ei</strong></span> <span class='ocrx_word' id='word_1_209' title='bbox 656 3750 769 3836; x_wconf 84' lang='lat' dir='ltr'><strong>iniqua</strong></span> <span class='ocrx_word' id='word_1_210' title='bbox 779 3749 904 3826; x_wconf 81' lang='lat' dir='ltr'><strong>liceant,</strong></span> <span class='ocrx_word' id='word_1_211' title='bbox 914 3751 968 3815; x_wconf 88' lang='lat' dir='ltr'><strong>sed</strong></span> <span class='ocrx_word' id='word_1_212' title='bbox 981 3751 1058 3838; x_wconf 86' lang='lat' dir='ltr'><strong>quia</strong></span> <span class='ocrx_word' id='word_1_213' title='bbox 1072 3751 1099 3816; x_wconf 90' lang='lat' dir='ltr'><strong>is</strong></span> <span class='ocrx_word' id='word_1_214' title='bbox 1108 3775 1175 3818; x_wconf 88' lang='lat' dir='ltr'><strong>esse</strong></span> <span class='ocrx_word' id='word_1_215' title='bbox 1184 3755 1291 3838; x_wconf 87' lang='lat' dir='ltr'><strong>debet,</strong></span> 
     </span>
     <span class='ocr_line' id='line_1_31' title="bbox 339 3851 1289 3940; baseline 0.005 -23"><span class='ocrx_word' id='word_1_216' title='bbox 339 3855 395 3940; x_wconf 88' lang='lat' dir='ltr'><strong>qni</strong></span> <span class='ocrx_word' id='word_1_217' title='bbox 410 3875 472 3916; x_wconf 90' lang='lat' dir='ltr'><strong>uon</strong></span> <span class='ocrx_word' id='word_1_218' title='bbox 487 3852 600 3916; x_wconf 82' lang='lat' dir='ltr'><strong>timore</strong></span> <span class='ocrx_word' id='word_1_219' title='bbox 614 3872 728 3938; x_wconf 84' lang='lat' dir='ltr'><strong>poeuoe,</strong></span> <span class='ocrx_word' id='word_1_220' title='bbox 744 3851 798 3916; x_wconf 91' lang='lat' dir='ltr'><strong>sed</strong></span> <span class='ocrx_word' id='word_1_221' title='bbox 821 3875 927 3916; x_wconf 88' lang='lat' dir='ltr'><strong>amore</strong></span> <span class='ocrx_word' id='word_1_222' title='bbox 944 3851 1082 3938; x_wconf 80' lang='lat' dir='ltr'><strong>justitiae</strong></span> <span class='ocrx_word' id='word_1_223' title='bbox 1105 3858 1289 3940; x_wconf 66' lang='lat' dir='ltr'><strong>aequitatem</strong></span> 
     </span>
     <span class='ocr_line' id='line_1_32' title="bbox 339 3953 1289 4041; baseline 0.002 -21"><span class='ocrx_word' id='word_1_224' title='bbox 339 3956 434 4037; x_wconf 83' lang='lat' dir='ltr'><strong>colat,</strong></span> <span class='ocrx_word' id='word_1_225' title='bbox 447 3954 633 4041; x_wconf 68' lang='lat' dir='ltr'><strong>reipublicae</strong></span> <span class='ocrx_word' id='word_1_226' title='bbox 653 3967 805 4041; x_wconf 83' lang='lat' dir='ltr'><strong>procuret</strong></span> <span class='ocrx_word' id='word_1_227' title='bbox 829 3954 1011 4034; x_wconf 81' lang='lat' dir='ltr'><strong>utilitatem,</strong></span> <span class='ocrx_word' id='word_1_228' title='bbox 1026 3967 1059 4018; x_wconf 91' lang='lat' dir='ltr'><strong>et</strong></span> <span class='ocrx_word' id='word_1_229' title='bbox 1078 3953 1110 4018; x_wconf 90' lang='lat' dir='ltr'><strong>in</strong></span> <span class='ocrx_word' id='word_1_230' title='bbox 1130 3956 1289 4032; x_wconf 84' lang='lat' dir='ltr'><strong>omnibus,</strong></span> 
     </span>
     <span class='ocr_line' id='line_1_33' title="bbox 341 4054 1289 4142; baseline 0.006 -22"><span class='ocrx_word' id='word_1_231' title='bbox 341 4057 475 4121; x_wconf 84' lang='lat' dir='ltr'><strong>aliorum</strong></span> <span class='ocrx_word' id='word_1_232' title='bbox 498 4055 664 4121; x_wconf 86' lang='lat' dir='ltr'><strong>commoda</strong></span> <span class='ocrx_word' id='word_1_233' title='bbox 684 4054 820 4142; x_wconf 81' lang='lat' dir='ltr'><strong>privatae</strong></span> <span class='ocrx_word' id='word_1_234' title='bbox 839 4055 987 4138; x_wconf 85' lang='lat' dir='ltr'><strong>praeferat</strong></span> <span class='ocrx_word' id='word_1_235' title='bbox 1011 4054 1179 4122; x_wconf 84' lang='lat' dir='ltr'><strong>voluntati.</strong></span> <span class='ocrx_word' id='word_1_236' title='bbox 1225 4061 1289 4126; x_wconf 80' lang='lat' dir='ltr'><strong>Sed</strong></span> 
     </span>
     <span class='ocr_line' id='line_1_34' title="bbox 343 4156 1290 4245; baseline 0.008 -25"><span class='ocrx_word' id='word_1_237' title='bbox 343 4159 417 4242; x_wconf 89' lang='lat' dir='ltr'><strong>quis</strong></span> <span class='ocrx_word' id='word_1_238' title='bbox 430 4159 464 4222; x_wconf 91' lang='lat' dir='ltr'><strong>in</strong></span> <span class='ocrx_word' id='word_1_239' title='bbox 478 4158 613 4244; x_wconf 81' lang='lat' dir='ltr'><strong>negotiis</strong></span> <span class='ocrx_word' id='word_1_240' title='bbox 628 4157 766 4245; x_wconf 89' lang='lat' dir='ltr'><strong>publicis</strong></span> <span class='ocrx_word' id='word_1_241' title='bbox 781 4156 932 4242; x_wconf 87' lang='lat' dir='ltr'><strong>loquetur</strong></span> <span class='ocrx_word' id='word_1_242' title='bbox 949 4157 990 4222; x_wconf 89' lang='lat' dir='ltr'><strong>de</strong></span> <span class='ocrx_word' id='word_1_243' title='bbox 1011 4157 1163 4245; x_wconf 87' lang='lat' dir='ltr'><strong>principis</strong></span> <span class='ocrx_word' id='word_1_244' title='bbox 1178 4161 1290 4228; x_wconf 85' lang='lat' dir='ltr'><strong>volun·</strong></span> 
     </span>
     <span class='ocr_line' id='line_1_35' title="bbox 343 4256 1290 4345; baseline 0.004 -21"><span class='ocrx_word' id='word_1_245' title='bbox 343 4273 422 4335; x_wconf 82' lang='lat' dir='ltr'><strong>tate,</strong></span> <span class='ocrx_word' id='word_1_246' title='bbox 433 4281 533 4344; x_wconf 89' lang='lat' dir='ltr'><strong>quum</strong></span> <span class='ocrx_word' id='word_1_247' title='bbox 549 4259 582 4323; x_wconf 93' lang='lat' dir='ltr'><strong>iu</strong></span> <span class='ocrx_word' id='word_1_248' title='bbox 596 4260 641 4324; x_wconf 84' lang='lat' dir='ltr'><strong>eis</strong></span> <span class='ocrx_word' id='word_1_249' title='bbox 655 4258 699 4323; x_wconf 87' lang='lat' dir='ltr'><strong>nil</strong></span> <span class='ocrx_word' id='word_1_250' title='bbox 711 4259 771 4323; x_wconf 90' lang='lat' dir='ltr'><strong>sibi</strong></span> <span class='ocrx_word' id='word_1_251' title='bbox 787 4257 867 4322; x_wconf 86' lang='lat' dir='ltr'><strong>velle</strong></span> <span class='ocrx_word' id='word_1_252' title='bbox 880 4256 982 4334; x_wconf 85' lang='lat' dir='ltr'><strong>liceat,</strong></span> <span class='ocrx_word' id='word_1_253' title='bbox 993 4259 1053 4322; x_wconf 87' lang='lat' dir='ltr'><strong>nisi</strong></span> <span class='ocrx_word' id='word_1_254' title='bbox 1068 4260 1155 4345; x_wconf 92' lang='lat' dir='ltr'><strong>quod</strong></span> <span class='ocrx_word' id='word_1_255' title='bbox 1167 4261 1218 4326; x_wconf 82' lang='lat' dir='ltr'><strong>lox</strong></span> <span class='ocrx_word' id='word_1_256' title='bbox 1233 4279 1290 4328; x_wconf 91' lang='lat' dir='ltr'><strong>aut</strong></span> 
     </span>
     <span class='ocr_line' id='line_1_36' title="bbox 344 4359 1292 4448; baseline 0.002 -22"><span class='ocrx_word' id='word_1_257' title='bbox 344 4361 483 4448; x_wconf 66' lang='lat' dir='ltr'><strong>aequitas</strong></span> <span class='ocrx_word' id='word_1_258' title='bbox 503 4361 687 4448; x_wconf 83' lang='lat' dir='ltr'><strong>persuadet,</strong></span> <span class='ocrx_word' id='word_1_259' title='bbox 708 4373 763 4427; x_wconf 86' lang='lat' dir='ltr'><strong>aut</strong></span> <span class='ocrx_word' id='word_1_260' title='bbox 782 4362 862 4425; x_wconf 89' lang='lat' dir='ltr'><strong>ratio</strong></span> <span class='ocrx_word' id='word_1_261' title='bbox 878 4359 1052 4426; x_wconf 86' lang='lat' dir='ltr'><strong>communis</strong></span> <span class='ocrx_word' id='word_1_262' title='bbox 1075 4359 1222 4428; x_wconf 82' lang='lat' dir='ltr'><strong>utilitatis</strong></span> <span class='ocrx_word' id='word_1_263' title='bbox 1243 4361 1292 4428; x_wconf 89' lang='lat' dir='ltr'><strong>in-</strong></span> 
     </span>
    </p>
   </div>
   <div class='ocr_carea' id='block_1_7' title="bbox 0 0 1734 5367">
    <p class='ocr_par' dir='ltr' id='par_1_8' title="bbox 0 0 1734 5367">
     <span class='ocr_line' id='line_1_37' title="bbox 0 0 1734 5367; baseline 0 0"><span class='ocrx_word' id='word_1_264' title='bbox 0 0 1734 5367; x_wconf 95' lang='lat' dir='ltr'><strong> </strong></span> 
     </span>
    </p>
   </div>
  </div>
 </body>
</html>
