3425 5367
452 701 513 762 160
709 717 846 766 Jonnurs
863 714 1142 768 sannsnrnmusrs
1263 706 1345 790 [nm.
1362 727 1401 775 11.

450 874 561 948 tiones,
580 868 700 957 quibus
721 869 900 957 apparebit,
921 871 1010 959 quod
1033 874 1100 938 vita
1121 875 1191 960 ejus
1210 898 1273 940 non
1293 879 1401 946 fuerat

448 973 582 1038 ulterius
597 971 825 1058 protendenda.
859 974 904 1037 Et
926 987 963 1038 ut
982 973 1113 1050 dicitur,
1129 999 1212 1062 quos
1233 977 1330 1064 longa
1351 983 1400 1045 af·

447 1077 599 1142 flixerunt
625 1073 742 1150 inedia,
760 1074 828 1160 jam
854 1075 990 1139 mortuis
1012 1076 1256 1144 sorbitiunculas
1277 1082 1398 1148 faciunt

446 1195 478 1245 et
497 1175 636 1251 inutiles,
652 1188 684 1240 et
704 1175 855 1240 delicatos
873 1190 1057 1264 praeparant
1078 1178 1175 1244 cibos.
1220 1182 1398 1269 Exspectas

445 1283 529 1346 forte
550 1292 587 1344 ut
608 1277 711 1342 dicam
728 1277 816 1364 quod
836 1278 915 1343 dicit
930 1279 1082 1365 populus,
1099 1281 1176 1367 quia
1190 1281 1224 1345 bi
1245 1300 1320 1351 suut
1339 1288 1396 1373 qui

447 1383 587 1448 homines
601 1379 828 1446 officiocissime
842 1380 1002 1445 occidunt.
1048 1383 1112 1446 Sed
1127 1383 1256 1450 frustra.
1301 1389 1394 1454 Absit

446 1487 542 1563 enim,
557 1497 594 1548 ut
614 1483 695 1545 hanc
715 1483 939 1547 contumeliam
959 1483 1130 1568 proferam,
1146 1509 1242 1572 quarn
1267 1488 1293 1552 si
1313 1490 1396 1556 sorte

445 1587 556 1654 audire
585 1583 732 1659 volueris
757 1585 917 1664 Senecam,
943 1584 1086 1649 Plinium
1115 1587 1222 1665 adeas,
1246 1604 1278 1654 et
1307 1591 1397 1656 Sido·

444 1690 547 1766 nium,
566 1686 623 1774 qni
641 1687 701 1750 hoc
724 1685 755 1750 in
778 1685 910 1751 auribus
932 1687 996 1752 tuis
1017 1685 1154 1753 clamore
1176 1691 1283 1757 valido
1304 1694 1398 1780 repli-

442 1793 571 1857 cabunt.

731 2138 873 2202 LIBER
895 2140 1107 2207 TERTIUS.

822 2315 1003 2362 PROLOGUS·

485 2429 613 2492 Hosrls
640 2421 815 2485 multorum
845 2421 899 2499 fio,
924 2421 1002 2486 dum
1032 2423 1167 2510 ineptias
1197 2439 1388 2508 nugatorum

441 2528 580 2595 excutio.
626 2525 698 2602 Qua
723 2523 764 2586 de
786 2546 881 2588 causa
900 2525 993 2588 otiari
1013 2525 1212 2591 decreveram
1236 2540 1267 2592 et
1290 2527 1393 2591 silere,

442 2633 499 2698 sed
528 2630 664 2694 alterum
688 2625 764 2690 mihi
787 2629 986 2712 negotiorum
1011 2628 1171 2693 tumultus
1192 2632 1327 2710 excutit,
1349 2630 1393 2693 al-

439 2748 543 2801 terum
565 2745 672 2797 motus
694 2728 790 2792 animi
807 2729 1022 2816 interrumpit.
1068 2730 1132 2808 Qui
1151 2731 1234 2794 enim
1257 2732 1316 2795 sub
1333 2754 1390 2816 po-

439 2847 553 2901 testate
575 2833 767 2898 constitutns
792 2842 851 2908 est,
873 2829 900 2894 si
923 2830 1006 2916 sapit
1027 2831 1227 2917 obtemperat
1254 2831 1389 2918 imperio

438 2935 648 3025 praesidentis.
692 2935 793 3010 Quem
810 2933 931 2996 stimuli
946 2934 1118 2999 affectuum
1143 2947 1306 3022 pungunt,
1328 2933 1391 2998 dis·

438 3036 586 3104 simulare
601 3058 665 3100 non
680 3045 795 3120 potest,
810 3035 889 3117 quin
912 3046 1079 3098 moveatur
1095 3025 1141 3098 'ad
1162 3036 1297 3099 formam
1318 3055 1390 3120 pas·

437 3139 543 3206 sionis.
588 3135 725 3202 Exultat
751 3156 827 3217 ergo
854 3157 951 3219 quem
976 3135 1087 3219 gaudii
1114 3159 1194 3200 aura
1220 3136 1389 3211 demulcet,

437 3263 508 3327 spes
522 3237 646 3302 inducit
666 3233 870 3312 hilaritatem,
886 3248 991 3302 metus
1008 3237 1158 3324 trepidat,
1173 3236 1310 3301 dolentis
1325 3237 1391 3302 ani-

436 3365 510 3407 mus
537 3363 673 3407 moerore
701 3334 914 3402 confunditur.
961 3339 1042 3404 Haec
1068 3338 1154 3424 apud
1181 3337 1322 3422 singulos
1348 3339 1393 3404 al-

436 3457 540 3510 ternat
556 3443 652 3508 facies
667 3440 741 3505 boni
756 3453 813 3504 aut
833 3440 920 3507 mali.
965 3439 1085 3503 Verum
1108 3462 1217 3504 sensus
1231 3438 1389 3506 malorum

434 3546 528 3610 altior
543 3557 602 3619 est,
617 3558 649 3608 et
665 3542 781 3628 saepius
796 3541 827 3605 in
848 3565 956 3605 omnes
975 3541 1129 3622 incurrit3
1152 3542 1225 3627 quis
1240 3555 1287 3607 est
1304 3544 1387 3607 enim

435 3644 491 3730 qui
506 3642 661 3706 malorum
676 3641 846 3726 asperitate
868 3642 985 3727 saepius
1004 3665 1067 3707 uon
1084 3656 1207 3720 uratur,
1220 3665 1317 3729 quam
1334 3644 1389 3708 de·

433 3745 612 3810 mulceatur
633 3743 774 3808 fomento
795 3742 978 3806 bonorum?
1016 3747 1122 3808 Rarus
1142 3757 1201 3825 est,
1215 3745 1273 3830 qui
1289 3744 1388 3809 totius

432 3848 571 3912 fortunoe
585 3846 740 3933 impeturn
754 3867 773 3906 a
788 3866 820 3907 se
835 3857 905 3908 toto
916 3845 1016 3930 possit
1027 3868 1144 3911 arcere.
1189 3845 1252 3924 Qui
1264 3845 1330 3911 suis
1341 3846 1386 3909 vi-

432 3950 521 4014 ribus
543 3947 706 4035 praevalet,
729 3947 840 4010 autin
863 3947 956 4010 amici
979 3960 1035 4011 aut
1056 3947 1221 4012 familiaris
1243 3969 1386 4032 corpore,

432 4051 481 4114 vel
497 4059 580 4114 sorte
596 4060 745 4112 tentatur.
793 4046 884 4112 Licet
906 4070 1020 4134 parum
1041 4047 1200 4112 humanus
1220 4047 1272 4124 sit,
1288 4069 1385 4132 quem

431 4167 651 4219 extraneorum
669 4151 797 4236 jactura
815 4173 878 4214 non
901 4155 1059 4216 concutit:
1099 4150 1259 4215 nonsatis
1288 4148 1383 4212 homo

430 4269 478 4322 est
492 4277 586 4342 quem
603 4253 703 4320 aliena
719 4276 780 4317 non
797 4265 936 4317 movent.
978 4252 1041 4319 sed
1058 4250 1304 4339 sapientioribus
1314 4251 1381 4335 jam
1444 4314 1449 4324 ,

429 4360 514 4426 venit
544 4359 575 4423 in
607 4358 755 4435 dubium,
782 4357 1012 4443 anquicquam
1042 4356 1190 4434 hominis,
1217 4367 1302 4419 recte
1328 4354 1378 4420 sit.
