3425 5367
331 724 441 803 naon]
674 740 929 787 mercatrices.
1244 728 1283 787 lo

331 904 416 969 sunt,
427 892 487 956 nisi
502 892 578 975 quia
593 892 749 977 quicquid
760 892 880 975 ubique
891 893 975 956 bene
990 891 1113 957 dictrrm
1128 902 1186 969 est,
1198 893 1282 958 facio

331 1014 446 1072 meum,
460 1003 492 1057 et
505 990 587 1057 illud
608 1013 696 1057 nunc
717 992 796 1055 meis
810 991 856 1055 ad
878 990 1118 1077 compendium,
1131 1013 1219 1056 nunc
1240 993 1283 1057 ad

330 1092 426 1157 fidem
441 1092 707 1157 etauctoritatem
720 1090 833 1155 alienis
847 1092 994 1175 exprimo
1005 1093 1117 1156 verbis.
1149 1093 1196 1156 Et
1206 1094 1283 1177 quia

329 1196 428 1259 semel
439 1194 524 1279 coepi
535 1194 673 1257 revelare
685 1192 802 1255 mentis
815 1213 943 1268 arcana,
955 1194 1167 1275 arrogantiam
1177 1214 1283 1259 meam

328 1295 456 1378 plenius
477 1293 658 1358 denudabo.
703 1294 824 1357 Omnes
846 1313 921 1375 ergo
944 1293 1003 1377 qui
1028 1294 1110 1357 mihi
1129 1294 1165 1357 in
1185 1296 1282 1359 verbo

329 1405 385 1459 aut
409 1416 505 1480 opere
531 1395 796 1479 philosophantes
822 1402 1007 1472 occurrunt,
1032 1416 1122 1459 meos
1145 1395 1283 1459 clientes
1316 1479 1321 1487 ¹

330 1517 401 1561 esse
416 1496 560 1572 arbitror,
575 1506 606 1559 et
621 1493 710 1579 quod
725 1494 828 1577 majus
850 1506 908 1573 est,
924 1494 1005 1557 mibi
1018 1495 1155 1559 vendico
1169 1496 1203 1559 in
1218 1513 1280 1560 ser·

330 1597 481 1672 vitutem;
500 1594 580 1659 adeo
595 1594 725 1679 quidem
740 1603 776 1657 ut
790 1594 826 1655 in
841 1593 1066 1658 traditionibus
1080 1596 1147 1659 suis
1161 1597 1283 1678 seipsos

329 1716 389 1779 pro
404 1715 456 1757 me
470 1694 589 1776 linguis
611 1693 767 1779 objiciant
788 1692 1013 1757 detractorum.
1057 1694 1144 1756 Nam
1158 1704 1191 1757 et
1210 1696 1284 1761 illos

329 1794 426 1859 laudo
448 1804 603 1859 auctores.
650 1796 766 1877 Neque
788 1792 882 1855 illum
902 1792 1123 1857 Alexandrum
1145 1792 1221 1874 vidi,
1234 1797 1286 1859 rel

331 1896 510 1961 Cesaram:
540 1916 601 1959 nec
618 1894 794 1971 Socratem,
810 1894 1027 1971 Zenonemve,
1040 1894 1210 1958 Platonem
1230 1907 1286 1961 aut

330 1997 530 2061 Aaistotelem
547 1996 746 2080 disputantes
763 1995 871 2060 audivi
880 2018 890 2073 ;
920 1995 962 2059 de
976 1996 1027 2059 his
1042 2006 1149 2061 tanmn
1163 2006 1197 2061 et
1214 2000 1285 2063 aliis

330 2120 421 2183 aeque
436 2099 566 2181 ignotis,
580 2098 622 2162 ad
637 2098 807 2163 utilitatem
822 2097 997 2179 legentium
1019 2097 1114 2161 retuli
1136 2099 1282 2182 plurima.

330 2198 421 2263 Cedo
447 2209 554 2263 tamen
576 2220 617 2263 ne
640 2198 749 2263 videar
771 2199 979 2263 contentione
1005 2198 1154 2281 gaudere,
1177 2211 1211 2265 et
1230 2222 1283 2264 me

329 2300 483 2365 officiosis
512 2301 613 2364 fateor
638 2320 731 2365 usum
761 2321 832 2363 esse
862 2299 1051 2376 mendaciis,
1077 2309 1110 2363 et
1138 2302 1166 2364 si
1193 2302 1285 2365 aliter

330 2404 462 2465 remulus
477 2402 708 2487 conquiescit,
725 2402 926 2484 quoniamst
947 2423 1007 2484 ego
1021 2416 1129 2466 meum
1144 2402 1283 2467 Cornifi-

329 2502 415 2567 cium
436 2501 541 2567 habeo
564 2512 595 2565 et
617 2502 810 2578 Lanuvium,
834 2524 886 2566 me
911 2502 1075 2567 mendacii
1098 2524 1188 2566 reum
1211 2524 1283 2566 esse

328 2605 504 2682 consentio,
520 2605 575 2688 qui
591 2604 744 2687 scriptum
759 2604 845 2682 novi,
859 2604 936 2688 quia
957 2604 1173 2667 omnishomo
1194 2625 1282 2667 men·

328 2704 413 2781 dax3
440 2705 523 2769 adeo
546 2705 687 2789 quidem,
703 2715 739 2770 ut
760 2726 822 2769 uec
844 2715 970 2769 vastum
991 2714 1117 2790 pectus,
1137 2704 1283 2787 turgidus

329 2815 448 2881 venter,
472 2804 595 2868 tumida
619 2804 717 2869 facies
742 2814 775 2871 et
799 2804 991 2883 rubicunda,
1015 2805 1128 2887 lingua
1150 2824 1283 2887 procax,

329 2904 462 2977 insulsa,
488 2914 521 2967 et
545 2905 681 2987 paratior
704 2926 808 2971 mores
835 2906 1003 2973 corrodere
1028 2905 1160 2983 alienos,
1184 2926 1283 2989 qnam

329 3005 484 3088 corrigere
506 3026 590 3083 suos,
613 3018 754 3073 nostrum
781 3008 939 3094 receperit
965 3007 1155 3073 hunnum.
1200 3006 1281 3080 Quis

328 3106 400 3190 ipse
426 3106 476 3184 sit,
497 3107 557 3170 nisi
583 3106 624 3171 ab
651 3108 775 3193 injuriis
800 3119 967 3194 temperet,
989 3108 1108 3189 dicam,
1129 3117 1162 3172 et
1185 3108 1283 3192 plane

328 3219 511 3289 cognoscet,
523 3209 598 3291 quia
607 3209 819 3273 inveteratum
834 3232 915 3288 esse,
925 3212 1054 3293 plenam
1069 3231 1136 3273 non
1148 3209 1285 3288 confert,

328 3328 387 3373 nec
401 3308 557 3389 integram
572 3317 675 3371 servat
686 3309 917 3371 auctoritatem.
954 3308 1116 3373 Procedat
1129 3319 1236 3373 manen
1250 3318 1285 3372 et

327 3408 481 3492 publicet,
496 3416 608 3490 arguat
623 3427 731 3471 meum
746 3407 870 3471 ratione
885 3404 935 3471 vel
950 3407 1138 3471 anctoritate
1153 3409 1284 3473 menda·

328 3508 424 3585 cium,
449 3515 482 3571 et
510 3528 572 3590 ego
597 3510 648 3572 vel
673 3507 716 3572 ad
745 3508 872 3573 inimici
897 3528 1010 3573 vocem
1034 3528 1101 3572 non
1130 3508 1283 3592 refugiam

328 3607 509 3685 emendari;
540 3608 605 3672 imo
625 3620 657 3673 et
678 3609 816 3675 amicum
839 3608 966 3687 ducam,
981 3608 1037 3693 qni
1059 3631 1166 3674 meum
1188 3611 1282 3675 casti·

326 3708 418 3789 gabit
437 3728 584 3772 errorem.
629 3708 665 3773 si
688 3719 794 3773 tamen
808 3719 840 3773 et
860 3710 980 3775 alicubi
1001 3722 1168 3775 auctorum
1191 3710 1283 3775 aliter

327 3829 422 3893 quam
447 3807 637 3892 scripserim,
657 3810 845 3887 inveniatur,
863 3832 930 3875 non
951 3810 1025 3875 ideo
1047 3812 1209 3877 constabit
1230 3832 1282 3877 me

327 3930 397 3973 esse
410 3910 588 3985 mentitum,
601 3932 700 3994 quum
711 3911 745 3975 in
757 3912 1022 3993 strategematicis
1032 3912 1213 3987 historicos,
1225 3914 1282 3998 qni

326 4011 508 4095 frequenter
528 4013 569 4075 ab
588 4012 724 4075 invicem
747 4011 913 4091 dissident,
928 4012 991 4076 sim
1013 4024 1179 4098 sequutus,
1193 4025 1226 4079 et
1246 4016 1282 4079 in

326 4112 560 4197 philosophicis
578 4112 760 4178 academice
782 4110 963 4197 disputans,
978 4136 1038 4199 pro
1059 4116 1191 4180 rationis
1213 4140 1282 4181 mo·

328 4210 415 4290 dulo,
427 4234 500 4297 quae
511 4214 730 4292 occurrebant,
741 4213 923 4297 probabilia
937 4224 1077 4279 sectatus
1091 4236 1172 4281 sum.
1209 4218 1281 4280 Nec

328 4311 591 4377 Academicorum
603 4315 756 4379 erubesco
771 4314 1015 4398 professionem,
1026 4315 1082 4397 qui
1097 4316 1132 4378 in
1143 4316 1193 4380 his
1206 4334 1280 4397 quae
