3425 5367
345 685 414 732 cnr.
431 675 557 752 mm]
698 687 957 734 noasoasarcus,
1019 689 1022 692 ’
1242 671 1304 730 185

342 857 448 901 errore
473 837 597 902 diutius
617 836 715 901 luisse
739 837 856 912 recolo,
878 836 912 899 in
938 859 1005 922 quo
1028 857 1141 901 manus
1164 833 1296 898 Domini

290 1005 295 1020 ¹
341 937 530 1024 condignam
544 960 609 1003 non
624 939 801 1003 exercuerit
818 937 981 1002 ultionem.

302 1343 316 1352 ,
338 1271 417 1358 Cap.
433 1281 485 1338 27.
509 1274 562 1337 Dc
581 1273 797 1354 aruspicibus,
813 1279 844 1335 et
863 1274 1111 1353 chiromanticis,
1125 1279 1157 1337 et
1176 1275 1296 1357 Pytho·

587 1375 680 1451 nicia,
694 1382 724 1436 ct
737 1375 851 1438 Saulis
866 1373 1046 1454 deybclione.

380 1522 521 1597 Qumde
532 1520 773 1586 necromanticis
782 1520 1044 1606 dicam,quorum
1053 1520 1291 1606 impietas,Deo

333 1635 475 1701 auctore,
499 1644 557 1708 per
582 1621 740 1708 seipsam
766 1621 888 1706 ubique
906 1621 975 1704 jam
1000 1618 1106 1698 viluit,
1123 1620 1185 1685 nisi
1204 1621 1292 1707 quod

336 1735 438 1788 morte
463 1722 553 1807 digni
580 1735 666 1799 sunt,
694 1721 750 1808 qui
777 1744 797 1784 a
821 1733 922 1785 morte
946 1732 1103 1784 conantur
1132 1721 1295 1786 scientiam

335 1828 508 1890 mutuare?
539 1828 571 1890 N
573 1846 623 1888 am
639 1823 681 1888 de
695 1822 890 1908 auspicibus,
903 1821 1094 1908 auguribus,
1109 1822 1294 1889 salissatori·

336 1927 407 2002 bus,
423 1925 540 2005 ariolis,
556 1925 749 2012 pythonicis,
765 1923 975 2010 aruspicibus,
991 1937 1024 1988 et
1043 1924 1124 2000 aliis,
1140 1948 1292 2011 quorum,

332 2049 400 2114 prae
417 2027 636 2105 multitudine,
658 2027 791 2092 tadiosa
810 2041 859 2092 est
881 2025 1092 2106 enumeratio,
1106 2026 1292 2112 productio-

330 2152 397 2194 rem
407 2152 580 2194 sermonem
595 2143 713 2208 texere,
724 2151 823 2216 quum
834 2150 928 2192 nemo
938 2128 1072 2193 istorum
1078 2126 1147 2212 jam
1158 2151 1291 2215 progre-

331 2232 439 2298 diatur
453 2232 486 2295 in
508 2231 624 2309 lucem,
639 2231 694 2296 sed
714 2235 747 2296 in
762 2229 917 2308 latibulis,
933 2233 961 2294 si
980 2229 1053 2316 quis
1067 2243 1127 2306 est,
1141 2244 1289 2296 exerceat

330 2354 426 2416 opera
441 2331 656 2408 tenebrarum,
674 2352 907 2416 supervacuum
922 2341 980 2394 est.
1011 2330 1165 2406 Quaedam
1180 2343 1288 2397 tamen

331 2454 440 2498 eorum
464 2432 560 2496 certis
589 2430 630 2494 de
661 2430 763 2494 causis
791 2430 996 2516 aliquatenus
1019 2431 1181 2516 tangenda
1201 2445 1287 2498 suut.

331 2532 389 2608 Et,
404 2531 430 2595 si
453 2530 583 2604 lateant,
607 2542 779 2615 supersunt
801 2529 909 2594 adhuc
931 2529 1015 2595 malo
1036 2553 1095 2595 suo
1116 2533 1288 2618 aruspices.

330 2633 404 2698 Hos
418 2654 478 2718 pro
492 2643 584 2718 parte
598 2631 631 2694 in
646 2630 729 2694 extis
740 2630 924 2694 animalium
939 2629 1082 2696 divinam
1096 2632 1288 2720 praedictum

327 2745 385 2799 est.
440 2734 601 2796 Extorum
633 2729 764 2816 quidem
801 2742 971 2794 censentur
1005 2730 1143 2812 nomine,
1170 2732 1287 2810 omnia,

329 2855 404 2918 quae
421 2833 506 2896 cutis
526 2831 728 2896 extremitate
750 2845 915 2916 teguntur.
959 2830 1055 2898 Unde
1074 2845 1108 2898 et
1128 2831 1210 2914 illos,
1229 2834 1288 2920 qui

329 2935 362 2998 iu
379 2932 557 2998 humerulis
571 2935 720 3013 arietum,
735 2933 785 2998 vel
800 2955 1067 3020 quorumcunque
1080 2935 1206 3000 ossibus
1219 2939 1287 3002 sni-

327 3035 458 3102 malium
486 3033 709 3113 vaticinantur,
733 3035 779 3100 eis
800 3034 1074 3100 connumerandos
1093 3058 1162 3102 esse
1183 3038 1285 3102 maui-

325 3135 442 3202 fenum
457 3148 517 3200 est.
562 3135 791 3200 Chiromantici
807 3159 938 3222 quoque
953 3158 1040 3213 vera,
1054 3159 1130 3223 quse
1144 3138 1178 3202 in
1192 3137 1283 3224 mgis

324 3258 477 3302 manuum
496 3235 607 3312 latent,
632 3259 665 3302 se
688 3258 778 3300 nosse
796 3235 984 3318 gloriantur.
1027 3237 1173 3314 Quorum
1195 3261 1284 3302 erro·

322 3359 400 3416 rem,
417 3335 494 3425 quia
515 3337 638 3404 ratione
661 3360 722 3402 non
746 3337 872 3414 nititur,
887 3360 951 3401 uon
970 3359 1096 3402 necesse
1116 3350 1166 3403 est
1184 3341 1283 3404 satio-

323 3437 418 3504 nibus
439 3439 642 3526 impugnare,
661 3439 734 3504 licet
756 3461 794 3502 eo
816 3437 886 3524 ipso
907 3437 979 3502 illos
998 3454 1165 3526 expugnet
1185 3440 1280 3519 ratio,

322 3539 412 3626 quod
441 3540 594 3606 deliciunt
620 3540 750 3606 ratione.
799 3543 908 3608 Unum
935 3553 1040 3606 tamen
1070 3541 1234 3629 estquod
1259 3567 1281 3610 s

324 3640 403 3720 te,si
420 3663 470 3705 me
485 3643 643 3729 patienter
658 3641 782 3722 audias,
792 3642 1005 3708 attentissime
1018 3663 1142 3730 quaero.
1186 3641 1276 3720 Quid

323 3755 494 3830 nugatores
515 3743 579 3822 isti,
595 3743 743 3830 quoniam
766 3767 819 3808 eos
839 3745 899 3810 tibi
920 3757 1014 3810 notos
1033 3767 1104 3810 esse
1124 3767 1189 3811 uon
1210 3769 1279 3812 am·

321 3843 408 3930 bigo,
430 3843 561 3932 quando
583 3843 623 3908 de
645 3843 753 3910 dubiis
774 3845 962 3930 interrogati
983 3859 1072 3923 sunt,
1086 3845 1277 3932 proferunt?

323 3945 429 4023 Quum
443 3946 596 4012 adversm
608 3943 816 4011 Nivicollinos
828 3947 978 4010 Britones
990 3945 1079 4032 regia
1089 3957 1171 4011 esset
1180 3969 1278 4036 expe·

320 4046 402 4112 ditio
421 4047 637 4136 producenda,
657 4049 691 4112 in
713 4071 781 4134 quo
800 4059 833 4112 te
851 4046 1018 4112 consultus
1036 4069 1175 4134 aruspex
1194 4072 1278 4136 pra.

320 4149 468 4214 monuit?
498 4149 653 4228 Quamvis
666 4151 708 4214 ab
723 4171 762 4214 eo
774 4148 919 4214 veritatis
933 4169 1084 4212 arcanum
1099 4171 1162 4214 nou
1176 4150 1276 4218 fuerit

321 4247 560 4332 inquirendum,
574 4251 632 4334 qui
646 4249 806 4316 excubiali
826 4249 983 4332 obsequio
1001 4247 1205 4316 condonetor
1218 4275 1276 4338 po-
