3425 5367
477 738 518 795 62
726 748 865 793 soxuurs
879 746 1160 792 sunusaumuusrs
1294 729 1373 807 [mu.
1390 748 1427 790 11.

476 900 571 963 fidem
587 910 619 963 et
635 898 776 963 fructum
793 920 921 962 evacuo.
962 897 1142 961 Multifarie
1165 897 1332 982 siquidem,
1347 896 1430 959 mul-

473 1000 579 1086 tisque
593 999 696 1063 modis
718 1020 809 1065 suam
826 1002 916 1064 Deus
936 999 1067 1063 instruit
1087 1012 1277 1077 ereaturam,
1291 1011 1324 1063 et
1345 1020 1429 1063 nuuc

474 1100 704 1165 elementorum
729 1102 872 1176 vocibus,
895 1123 981 1165 nunc
1003 1099 1197 1164 sensibilium
1219 1113 1275 1165 aut
1297 1100 1429 1163 insensi-

472 1200 584 1265 bilium
601 1224 706 1265 rerum
721 1202 859 1279 indiciis,
874 1214 972 1287 prout
994 1200 1103 1265 electis
1117 1203 1242 1266 noverit
1264 1199 1428 1286 expedire,

471 1326 546 1389 quae
567 1316 701 1369 ventura
724 1318 798 1369 sunt
821 1302 1011 1370 manifestat.
1057 1305 1200 1369 Futuras
1221 1304 1331 1389 itaque
1349 1315 1429 1367 tem-

471 1418 620 1491 pestates,
641 1419 698 1471 aut
721 1408 914 1482 serenitates,
932 1408 1022 1491 signa
1042 1406 1189 1493 quoedam
1210 1405 1430 1471 antecedentia

470 1507 725 1593 praeloquuntur,
744 1522 779 1573 ut
800 1509 897 1573 bomo
912 1509 970 1595 qui
986 1508 1027 1571 ad
1048 1508 1188 1572 laborem
1204 1520 1372 1582 natusest,
1387 1530 1426 1571 ex

471 1608 521 1672 his
545 1610 647 1695 possit
673 1633 731 1675 sua
754 1610 906 1676 exercitia
932 1624 1118 1696 temperare.
1156 1609 1244 1673 Hinc
1268 1607 1427 1693 agricolae,

471 1711 545 1775 hinc
556 1728 664 1779 nautae
676 1712 887 1777 familiaribus
899 1713 1089 1799 quibusdam
1102 1711 1336 1795 experimentis,
1348 1711 1425 1795 quid

472 1838 537 1899 quo
551 1827 694 1900 tempore
716 1814 781 1898 geri
796 1825 942 1898 oporteat
962 1812 1129 1893 colligunt,
1145 1813 1332 1897 qualitatem
1348 1825 1426 1876 tem-

471 1915 557 1998 poris
571 1916 672 1979 futuri
689 1939 730 1979 ex
751 1939 788 1977 eo
804 1914 893 1999 quod
915 1912 1067 1999 praeteriit
1086 1914 1261 1977 metientes.
1307 1918 1345 1979 In
1361 1938 1426 1999 qua

471 2036 505 2076 re
532 2038 590 2077 nec
620 2038 705 2093 aves,
732 2015 772 2077 de
805 2016 926 2101 quibus
956 2037 1059 2077 sermo
1088 2015 1261 2100 praecessit,
1286 2015 1426 2100 parentis

471 2126 595 2180 naturae
614 2115 766 2179 beneficio
781 2116 919 2180 arbitror
942 2115 1123 2181 destitutas.
1161 2120 1303 2201 Mergus,
1319 2116 1425 2203 alcyo·

470 2216 1286 2303 nes‚cygnus,arcananaturaefrequenteraperiunt.
1314 2218 1424 2293 Quum

470 2316 585 2379 etenim
602 2319 685 2381 circa
700 2317 838 2383 medium
855 2318 991 2404 hyemis,
1003 2319 1149 2405 alcyones
1162 2318 1334 2393 nidificare,
1349 2342 1425 2383 ova-

470 2440 534 2503 que
548 2419 654 2482 fovere
669 2420 881 2505 conspexeris,
896 2420 938 2484 de
960 2420 1069 2484 decem
1084 2432 1116 2483 et
1131 2420 1274 2506 quinque
1296 2420 1422 2485 dierum

469 2520 648 2604 gratissima
665 2521 833 2587 serenitate
848 2545 888 2585 ne
903 2522 1043 2602 dubites,
1058 2544 1177 2608 eosque
1199 2534 1307 2586 nautae
1322 2522 1422 2587 solent

469 2622 655 2709 diligentius
686 2623 865 2703 observare,
894 2623 1109 2710 dicunturque
1146 2623 1214 2687 dies
1244 2624 1422 2710 alcyonitae,

469 2728 588 2813 quibus
609 2728 661 2792 vix
682 2727 732 2791 vel
755 2726 860 2793 tenuis
880 2726 978 2792 flatus
1001 2750 1079 2791 aura
1101 2727 1248 2792 sentitur.
1287 2732 1358 2792 Hos
1380 2728 1422 2791 ad

468 2831 716 2914 procreationem
743 2830 907 2916 pullorum
929 2853 1069 2910 suorum,
1092 2830 1151 2894 sibi
1178 2842 1327 2895 anatura
1350 2852 1422 2893 con-

466 2952 579 3007 cessos,
591 2930 806 2995 verisimiliter
820 2931 1009 3015 opinaberis.
1034 2934 1141 3008 Quum
1155 2954 1230 2994 vero
1243 2930 1420 2995 fluvialium

467 3030 572 3093 avium
604 3054 735 3114 corpora
764 3031 797 3093 in
827 3032 920 3113 aquis
949 3031 1074 3095 avidius
1108 3033 1207 3115 mergi
1238 3032 1419 3118 conspicies,

466 3131 583 3195 imbres
605 3142 747 3215 expecta.
793 3135 902 3205 Quum
925 3132 1092 3194 clamorem
1117 3132 1260 3197 Cornicis
1283 3134 1422 3197 audieris

467 3236 672 3312 matutinum,
687 3232 829 3319 pluviam
846 3232 938 3317 petit.

571 3342 652 3397 Haud
663 3342 722 3396 ideo
734 3342 818 3407 credo,
831 3343 891 3411 quia
902 3343 937 3393 sit
948 3341 1059 3394 divinius
1070 3339 1122 3393 illis

571 3430 720 3499 Ingenium,
733 3435 779 3481 aut
790 3446 875 3481 rerum
885 3426 940 3480 fato
951 3427 1088 3499 prudentia
1096 3425 1187 3497 major,

466 3524 521 3588 sed
536 3524 613 3609 quia
628 3536 786 3587 morantes
797 3523 829 3585 in
845 3544 917 3585 aere
933 3533 1038 3585 motus
1048 3520 1136 3585 illius
1150 3519 1245 3585 citius
1259 3522 1292 3586 in
1308 3521 1418 3608 seipsis

465 3626 615 3701 sentiunt,
627 3638 659 3687 et
674 3623 747 3687 inde
759 3622 949 3688 hilaritatem
962 3622 1156 3709 concipiunt,
1167 3636 1224 3688 aut
1238 3644 1415 3691 moerorem.

467 3727 535 3790 Nec
550 3725 677 3798 mirum,
696 3747 796 3809 quum
811 3738 842 3789 et
864 3726 1009 3809 graviora
1024 3726 1207 3790 animalium
1223 3749 1356 3812 corpora
1376 3728 1416 3791 ad

464 3826 673 3893 exteriorum·
694 3839 799 3891 motus
833 3828 1091 3913 frequentissimo
1125 3829 1349 3916 disponantur,
1384 3843 1415 3893 et

464 3952 580 3995 arcano
612 3928 751 4015 quodam
782 3942 906 3993 naturae
935 3930 1079 4006 consilio,
1109 3942 1221 4016 gerant
1255 3930 1416 4019 elementis

463 4030 673 4095 necessarium
696 4052 825 4096 morem.
865 4030 950 4105 Quae
969 4033 1052 4097 enim
1074 4032 1257 4096 animalium
1277 4030 1415 4117 corpori-

463 4133 525 4197 bus
546 4133 631 4197 bona
646 4132 696 4196 vel
711 4132 793 4197 mala
815 4133 1012 4214 immineant,
1025 4134 1051 4198 si
1073 4158 1106 4199 se
1126 4133 1343 4220 temporaliter
1365 4133 1415 4195 vel

462 4233 720 4320 extemporaliter
741 4234 940 4299 reddiderint
962 4248 1117 4322 tempora,
1137 4258 1188 4299 ars
1210 4235 1414 4321 physicorum

464 4336 583 4423 regulis
592 4336 657 4403 suis
670 4336 747 4403 satis
759 4334 966 4422 probabiliter
977 4338 1226 4423 comprehendit.
1254 4339 1412 4401 Futuram
