3425 5367
442 713 507 772 202
679 720 817 768 rosuurs
831 721 1112 769 sanusnnnrunsrs
1249 705 1329 784 [nm.
1346 727 1399 772 111.

441 877 547 962 poenis
575 897 641 941 non
673 876 832 940 verebitur
861 874 1034 959 objectare.
1084 876 1149 940 Sed
1178 875 1267 960 quod
1296 878 1398 960 magis

440 981 596 1056 mirabile,
626 980 843 1062 gratulabitur,
864 979 893 1042 si
922 979 1038 1042 astutia
1061 1001 1119 1044 sua
1140 978 1306 1044 industriae
1335 991 1398 1044 tuae

438 1083 565 1146 labores
579 1094 612 1146 ct
626 1081 870 1157 sollicitudines,
884 1081 945 1146 hac
961 1081 1108 1144 mercede
1124 1081 1300 1160 donaverit,
1316 1093 1351 1146 ut
1364 1094 1395 1146 te

440 1182 554 1248 reddat
568 1185 731 1260 infamem,
740 1193 772 1246 ct
787 1183 813 1246 si
825 1181 948 1259 fecerit,
957 1192 1012 1246 aut
1024 1182 1153 1246 finxerit
1162 1191 1199 1266 te
1208 1184 1396 1248 criminibus

438 1285 590 1348 inauditis
601 1286 786 1348 obnoxium.
831 1285 907 1348 Non
924 1294 973 1348 est
985 1285 1069 1346 enim
1083 1285 1200 1348 malum
1216 1285 1392 1350 incivitate

438 1386 595 1474 quodnon
605 1388 638 1450 in
649 1387 755 1450 divitis
765 1385 1281 1470 consiliarinsimpingatur,quum
1290 1388 1395 1451 inanis

437 1490 480 1552 sit
495 1489 674 1566 excusatio,
688 1510 727 1552 en
742 1487 831 1574 quod
853 1508 948 1550 omne
964 1488 1115 1565 officium,
1130 1488 1193 1552 sibi
1209 1498 1391 1572 potentatus

438 1590 624 1668 conformat,
637 1610 799 1674 nemoque
814 1589 945 1672 sapiens
960 1587 1016 1650 diu
1032 1590 1166 1652 fluctuat
1181 1591 1317 1652 consilio
1333 1589 1393 1652 im-

437 1686 642 1769 prudentum.
702 1687 819 1750 Omnia
847 1707 987 1770 namque
1018 1685 1171 1750 discernit
1201 1699 1234 1750 et
1256 1685 1393 1770 judicat.

436 1792 578 1852 Ancum
594 1803 689 1873 putas
706 1791 740 1851 in
757 1789 954 1852 conscientia
974 1809 1032 1851 sua
1051 1810 1197 1851 securum
1218 1789 1393 1872 quiescere,

435 1890 486 1975 cuj
492 1913 529 1954 us
542 1890 770 1975 turpitudinem
785 1889 962 1972 producere
977 1901 1069 1973 potes
1084 1890 1118 1952 in
1139 1891 1257 1968 lucem,
1272 1902 1304 1954 et
1318 1911 1391 1974 pro·

436 1992 516 2055 serre
538 1993 573 2054 in
596 1989 785 2074 publicum?
810 1991 904 2054 Certe
927 1992 1042 2068 omnis,
1058 1992 1113 2075 qui
1128 1993 1231 2055 malus
1246 2002 1307 2067 est,
1323 1993 1393 2055 odit

434 2093 551 2154 lucem.
595 2092 641 2152 Et
662 2111 744 2173 opus
766 2111 874 2167 omne,
896 2090 1028 2154 artificis
1058 2093 1106 2154 sui
1129 2091 1252 2156 ridetur
1273 2093 1391 2156 habere

434 2193 617 2272 imaginem.
675 2191 950 2254 Meretricantium
983 2193 1152 2256 mulierum
1187 2195 1280 2258 fucus
1316 2194 1391 2257 dum

434 2293 524 2376 argui
538 2305 662 2356 veretur
672 2293 833 2371 alumine,
843 2294 926 2375 petit
941 2295 1081 2370 umbras,
1097 2305 1130 2358 et
1145 2295 1235 2360 timet
1246 2317 1288 2359 ne
1304 2296 1389 2380 seip-

436 2397 481 2458 sis
496 2395 702 2459 deformiores
720 2395 793 2473 sint,
808 2395 836 2457 si
850 2395 1036 2459 immediate
1050 2398 1122 2461 luce
1139 2397 1318 2461 videntium
1332 2399 1390 2462 ob·

433 2497 556 2562 tutibus
584 2506 725 2580 pateant.
771 2497 847 2560 Hoc
879 2518 955 2579 ergo
978 2498 1104 2562 illarum
1134 2508 1202 2562 tota
1223 2500 1388 2582 vigilantia

437 2600 605 2684 quaerit,ut
616 2599 780 2684 quodnon
792 2599 886 2663 estin
902 2601 958 2677 eis,
971 2601 1141 2684 praestricti
1152 2600 1238 2666 oculi
1250 2601 1389 2680 videant,

436 2712 469 2766 et
491 2703 547 2787 qui
569 2700 689 2777 vident,
713 2702 793 2767 caeci
815 2702 943 2766 saciant.
987 2705 1030 2766 At
1051 2703 1084 2765 in
1107 2703 1157 2766 his
1180 2724 1252 2786 quae
1279 2705 1388 2770 nativo

433 2806 541 2868 colors
556 2803 735 2879 confidunt,
749 2804 848 2884 longe
864 2805 953 2867 aliter
967 2815 1028 2883 est,
1043 2804 1119 2888 quia

539 2934 606 2986 Haec
617 2938 690 2986 amat
701 2933 846 2998 obscurum,
859 2933 930 2987 volet
941 2934 996 2987 haec
1008 2935 1055 2988 suh
1067 2934 1124 2988 luce
1136 2935 1227 3000 rideri,
1310 2906 1313 2912 ¹

538 3019 638 3071 Iudicis
649 3025 770 3086 argutum
781 3037 839 3087 quor
849 3037 902 3072 non
912 3019 1033 3074 formidet
1044 3039 1161 3074 acumen.

431 3141 525 3204 Licet
538 3140 646 3222 itaque
667 3151 861 3202 secretorum
881 3142 1064 3205 communio
1086 3141 1209 3225 aliquid
1225 3141 1386 3206 felicitatis

433 3240 579 3304 videatur
600 3239 751 3323 adjicere,
765 3240 929 3303 securitati
951 3252 1058 3305 tamen
1081 3238 1253 3324 plurimum
1276 3240 1385 3304 demit.

433 3343 586 3422 Difficile,
601 3354 657 3406 aut
677 3343 786 3427 potius
807 3343 1006 3427 impossibile
1029 3355 1076 3406 est
1097 3344 1169 3405 illos
1190 3363 1387 3424 percurrere,

432 3447 489 3531 qui
517 3447 578 3509 hac
609 3447 661 3508 via
691 3446 733 3508 ad
762 3445 883 3508 inferos
915 3445 1161 3514 descenderunt,
1193 3451 1249 3504 aut
1277 3443 1385 3524 poenis

431 3546 614 3610 novissimis
629 3568 664 3608 se
676 3547 897 3627 ingemuerunt
911 3547 1052 3607 affectos.

536 3673 598 3726 Heu
609 3673 674 3724 mihi
685 3691 729 3725 cur
739 3673 802 3737 vidi,
814 3690 859 3723 eur
870 3672 950 3724 noxio
960 3671 1060 3726 lumina
1070 3671 1134 3725 feci!

428 3798 534 3884 inquit
554 3797 619 3876 ille,
642 3797 697 3881 qui
719 3818 761 3859 an
783 3793 823 3858 de
847 3795 1045 3860 conscientia
1067 3796 1174 3874 alieni,
1198 3819 1239 3860 au
1261 3798 1382 3882 proprii

429 3900 535 3986 operis
557 3920 647 3962 noxa
671 3897 928 3982 deportationem
955 3899 1115 3974 meruerit,
1142 3897 1299 3962 incertum
1323 3911 1381 3964 est.

428 4004 560 4068 Certum
590 4013 696 4066 tamen
723 4010 782 4074 est,
809 4000 897 4084 quod
921 4002 1005 4064 mala
1030 4002 1135 4065 aliena
1158 4001 1285 4065 novisse
1315 4021 1380 4064 nou

428 4103 569 4187 expedit.
614 4104 828 4166 Veruntamen
853 4104 920 4165 sive
945 4104 1095 4181 sciantur,
1116 4103 1181 4166 sive
1205 4124 1280 4182 non,
1298 4103 1380 4166 nihil

426 4205 526 4270 tutius
548 4215 606 4280 est,
621 4226 716 4288 quam
738 4204 901 4288 propriam
925 4204 1155 4266 conscientiam
1179 4224 1376 4268 conservare.

426 4306 642 4390 Philosophus
664 4307 711 4370 sic
733 4306 815 4368 inter
836 4305 946 4366 hostes
962 4303 1130 4368 vivendum
1154 4305 1290 4379 censuit,
1307 4315 1376 4368 tan·
