3425 5367
309 742 379 786 oar.
396 725 483 805 vnn]
659 740 912 786 eocr'cuffloos.
1196 725 1258 782 293

308 892 386 956 dari.
433 897 518 957 Nam
533 903 567 956 et
582 892 700 977 quietae
716 889 880 964 libertatis,
896 887 1030 973 justitiae
1046 888 1144 965 cultu,
1169 910 1258 951 reve-

308 994 538 1079 rentialegum,
550 994 822 1078 finitimarumque
830 990 975 1077 gentium
985 990 1142 1071 amicitiis,
1154 1002 1258 1055 rnatu·

307 1096 399 1160 ritate
414 1097 628 1173 consiliorum,
644 1107 678 1160 et
690 1094 845 1180 gravitate
861 1094 1041 1171 verborum,
1056 1106 1090 1157 et
1112 1115 1256 1179 operum,

305 1198 522 1276 obtinuerunt,
539 1213 576 1263 ut
589 1199 700 1263 orbern
715 1219 783 1261 suae
803 1196 999 1281 subjicerent
1021 1196 1145 1260 ditioni.
1193 1195 1257 1259 Sed

305 1301 437 1387 quiade
460 1301 637 1366 constantia
660 1322 771 1364 eorum
796 1299 962 1384 coepimus,
977 1322 1077 1363 unum
1100 1300 1140 1363 da
1169 1298 1256 1362 Stra·

306 1404 520 1487 tegematibus
545 1403 624 1468 Julii
652 1402 807 1479 Frontini,
833 1424 892 1487 pro
920 1402 1029 1466 multis
1059 1414 1195 1487 ponatur
1224 1400 1256 1463 iu

306 1506 422 1573 medio.
469 1508 579 1582 Quom
595 1506 703 1592 itaque
719 1505 806 1569 urbis
822 1504 981 1569 moenibus
1005 1504 1168 1569 Hannibal
1184 1504 1258 1567 assi-

304 1608 406 1686 deret,
426 1610 625 1676 ostentandae
645 1608 772 1673 fiducioe
792 1608 904 1693 gratia,
926 1608 1183 1693 supplementum
1204 1630 1258 1670 ex-

304 1711 466 1793 ercitibus,
488 1734 567 1799 quos
589 1712 622 1775 in
649 1710 805 1796 Hispania
824 1710 997 1786 habebant,
1019 1711 1143 1775 diversa
1165 1721 1256 1795 porta

305 1814 469 1880 miserunt.
527 1815 631 1880 Iidem
657 1837 769 1899 agrum
795 1814 829 1877 in
852 1836 917 1901 quo
939 1827 1041 1879 eastra
1065 1812 1256 1878 Hannibalis

304 1928 406 2000 erant,
428 1918 579 1983 defuncto
604 1918 686 1983 forte
711 1917 853 1997 domino,
875 1917 1021 1981 venalem
1043 1916 1084 1981 ad
1106 1916 1138 1981 id
1161 1916 1256 2003 pretii

304 2018 431 2085 licendo
448 2022 677 2106 perduxerunt,
693 2043 757 2107 quo
779 2020 807 2088 is
829 2042 905 2104 ager
927 2031 1000 2084 ante
1023 2019 1144 2084 bellum
1167 2021 1254 2085 veni-

303 2136 381 2189 erat.
430 2124 474 2189 Hi
489 2126 566 2190 dum
582 2126 624 2190 ab
641 2124 825 2189 Hannibale
841 2123 1039 2200 obsidentur,
1051 2137 1082 2188 et
1098 2123 1156 2209 ipsi
1173 2123 1254 2187 obsi-

302 2226 417 2292 derent
437 2228 593 2314 Capuam,
609 2228 820 2293 decreverunt
842 2249 883 2289 ne
905 2226 966 2291 nisi
988 2251 1026 2293 aa
1048 2240 1151 2315 capta,
1167 2248 1254 2292 revo-

303 2343 430 2395 caretur
444 2330 519 2394 inde
534 2328 701 2395 exercitus.

307 2687 386 2771 Cap.
402 2694 431 2752 8.
465 2689 569 2763 Quare
601 2686 766 2769 Trojonus
793 2690 942 2752 videntur
970 2688 1117 2752 manibus
1143 2691 1258 2772 prase-

715 2789 844 2854 rertdus.

347 2941 448 3003 Nouo
476 2948 595 3015 autern,
623 2947 659 3002 ut
683 2937 716 3001 in
745 2937 886 3023 Trajano
914 2936 1077 3002 Plutarchi
1102 2950 1254 3023 stratege-

302 3038 426 3103 maticis
441 3052 577 3125 ponatur
588 3041 711 3117 modus,
724 3054 823 3105 tantae
837 3040 1031 3105 fortitudinis
1045 3054 1078 3105 et
1093 3040 1252 3107 civilitatis

301 3139 372 3217 init,
390 3153 427 3205 ut
452 3142 591 3207 Romani
614 3143 740 3229 imperii
763 3144 853 3224 fines,
869 3144 955 3229 quod
978 3154 1049 3229 post
1069 3144 1252 3229 Augustum

302 3243 470 3308 defensum
491 3248 593 3329 magis
618 3245 733 3327 fuerat,
754 3268 851 3332 quam
878 3245 1028 3310 nobiliter
1052 3246 1252 3333 ampliatum,

300 3346 396 3431 longe
410 3348 539 3435 lateque
553 3348 756 3412 diffunderet.
795 3347 940 3413 Gloriam
956 3364 1065 3412 tamon
1081 3349 1252 3414 militarem

299 3450 517 3516 moderatione
556 3451 726 3537 superavit,
760 3450 885 3528 Rornae,
912 3462 945 3515 et
985 3473 1049 3537 per
1072 3452 1250 3537 provincias

300 3553 449 3617 omnibus
459 3576 492 3618 se
507 3556 666 3642 aequalem
678 3554 843 3633 exbibens,
854 3554 973 3644 amicos
988 3552 1145 3620 salutandi
1157 3577 1253 3621 causa

301 3653 516 3740 frequentans,
542 3658 593 3722 vel
618 3669 820 3744 aegrotantes,
844 3658 896 3723 vel
926 3658 1014 3723 lestis
1043 3660 1156 3724 diebus
1178 3682 1252 3725 curn

300 3754 421 3821 eisdem
442 3758 622 3824 indiscreta*
634 3760 770 3825 vicissim
792 3760 914 3825 habens
929 3761 1083 3838 convivia,
1100 3762 1253 3827 vehiculis

301 3880 423 3941 eorum,
437 3873 471 3924 et
483 3862 623 3927 vestibus
640 3863 858 3927 indifferenter
873 3874 977 3940 utens,
993 3863 1120 3947 publice
1136 3879 1169 3927 et
1189 3865 1254 3949 pri·

300 3962 397 4027 vatim
413 3964 518 4030 ditans
531 3988 652 4041 ornnes,
667 3964 886 4029 immunitates
910 3962 1090 4029 civitatibus
1104 3963 1252 4049 largiens,

301 4066 445 4132 relaxans
455 4068 576 4132 tributa
587 4068 765 4154 provinciis,
774 4067 855 4131 nulli
866 4068 980 4152 gravis,
990 4089 1081 4132 carus
1092 4070 1252 4149 omnibus,

298 4168 390 4249 adeo,
406 4183 442 4233 ut
462 4193 564 4257 usqne
586 4172 627 4235 ad
649 4183 789 4236 nostram
811 4182 953 4250 aetatem,
974 4171 1007 4235 in
1032 4171 1165 4249 Senatu,
1188 4196 1251 4237 non

296 4270 390 4335 aliter
399 4271 594 4359 principibus
605 4273 808 4350 acclametur,
820 4273 958 4338 Felicior
973 4276 1130 4358 Augusto,
1140 4275 1253 4339 melior

294 4372 336 4437 sis
358 4374 516 4458 Trajano!
548 4376 601 4443 Sic
620 4377 728 4463 itaque
748 4377 912 4443 memorias
931 4376 999 4460 ejus
1021 4376 1162 4442 delatum
1185 4390 1243 4455 est,
