3425 5367
307 712 379 757 cae.
395 694 462 773 111.]
679 708 931 755 eonnomrrnus.
1198 693 1260 755 267

309 875 414 927 tamen
444 883 560 949 magna
587 859 735 925 maximis
767 858 911 925 conferre
939 856 1047 935 liceat)
1086 856 1118 923 in
1151 858 1262 927 multis

307 962 528 1047 multipliciter
541 963 638 1029 lucet.
684 960 804 1030 Solaris
818 958 974 1047 siquidem
996 958 1155 1043 radius,si
1179 960 1263 1027 forte

307 1065 427 1134 incidat
453 1066 486 1132 in
517 1063 759 1139 carbunculum.
786 1061 953 1154 egrediens
978 1072 1035 1132 aut
1060 1062 1263 1133 reverberans

309 1168 438 1246 rutilus,
454 1168 594 1235 vicinum
608 1166 686 1233 facit
706 1188 810 1233 aerem
833 1164 975 1233 rutilare.
1021 1163 1112 1231 Idem
1128 1163 1210 1251 iguis
1231 1164 1265 1233 in

310 1268 478 1359 smaragdo
504 1267 643 1345 virescit,
668 1267 869 1336 firmamento
895 1264 1018 1353 puriori
1043 1266 1077 1333 in
1103 1266 1266 1355 sapphyro

309 1371 537 1437 conformatur.
583 1367 761 1456 Hyacinthi
789 1390 919 1455 qnoque
941 1366 1107 1453 speciebus
1128 1368 1265 1437 efficitur

309 1472 464 1539 concolor.
504 1472 544 1540 In
561 1469 699 1555 topazio,
711 1470 767 1555 qui
784 1492 850 1557 quo
865 1468 966 1535 rarior
980 1482 1028 1537 est
1043 1491 1081 1533 eo
1095 1468 1265 1554 preciosior

312 1586 371 1651 est,
386 1572 527 1639 omnium
543 1571 610 1637 lere
625 1569 729 1637 colore
744 1569 899 1657 superbit·
938 1569 970 1637 Si
986 1570 1014 1635 ei
1030 1569 1109 1639 Irim
1124 1569 1265 1657 objicias,
1333 1576 1362 1605 ·'

313 1673 583 1741 Thaumantiadis
597 1670 840 1760 repraesentabit
854 1670 1036 1756 imaginem.
1081 1672 1191 1757 Aqua·
1213 1694 1265 1739 su-

309 1779 481 1866 perjectus,
498 1776 600 1843 undet
621 1780 654 1843 iu
676 1776 832 1855 lacunari,
845 1772 902 1841 sad
923 1786 956 1843 et
977 1774 1083 1861 ignem
1106 1774 1264 1841 coelestem

310 1880 343 1947 in
368 1880 534 1966 supposita
559 1876 677 1967 trajicit
702 1899 761 1965 per
786 1874 944 1944 berillum.
990 1875 1087 1943 Vides
1107 1876 1207 1963 igitur
1231 1878 1265 1947 iu

312 1980 424 2047 multis
437 2003 533 2067 qnam
550 1980 653 2047 multa
667 1979 709 2045 sit
731 1978 814 2067 ignis
836 1989 960 2045 natura.
1006 1978 1058 2047 Sic
1080 1978 1113 2047 in
1135 1977 1205 2045 aliis
1218 1990 1267 2045 est

314 2081 496 2168 prudentia,
510 2080 670 2150 fortitudo
691 2079 724 2143 iu
746 2078 828 2167 aliis,
847 2082 1058 2165 temperantia
1078 2081 1112 2143 in
1134 2079 1267 2167 quibus-

314 2182 400 2263 dam,
436 2184 469 2248 in
506 2181 700 2272 quibusdam
731 2179 872 2268 justitia,
908 2179 942 2245 in
978 2180 1140 2247 nonnullis
1175 2180 1265 2263 fides,

312 2284 536 2371 longanimitas
550 2284 618 2371 spei
632 2284 664 2353 in
679 2282 762 2349 aliis.
800 2282 842 2349 In
856 2281 906 2347 his
920 2294 968 2349 est
983 2282 1089 2351 fervor
1103 2282 1265 2351 caritatis:

313 2386 365 2452 bic
387 2387 542 2473 patientia
560 2385 719 2465 laborum,
732 2383 797 2449 illic
819 2381 967 2449 dolorum
990 2383 1173 2463 consolatio.
1189 2386 1267 2456 alibi

313 2486 549 2573 perseverantia
562 2485 720 2551 bonorum
740 2504 893 2571 operum:
925 2505 1000 2569 quae
1015 2496 1120 2553 tamen
1142 2484 1268 2571 singula

314 2588 348 2651 in
372 2586 506 2674 singulis
530 2602 578 2653 est
602 2606 688 2653 uuus
710 2596 743 2653 et
763 2583 849 2651 idem
876 2586 975 2651 Deus.
1019 2588 1063 2653 At
1088 2585 1120 2653 in
1142 2586 1267 2669 futuro,

315 2690 448 2777 quando
467 2688 652 2755 immediata
667 2687 749 2756 lacie
770 2709 829 2774 per
849 2686 987 2775 gratiam
1002 2687 1072 2775 ejus
1087 2688 1268 2761 videbimus

316 2813 390 2857 eum
405 2790 501 2860 acuti
523 2802 585 2869 est,
598 2788 706 2855 omnia
728 2790 761 2854 in
784 2787 933 2855 omnibus
948 2788 1019 2871 erit,
1033 2788 1164 2878 quando
1186 2790 1267 2859 nulli

316 2892 359 2962 ad
381 2889 614 2959 beatitudiuem
637 2890 774 2977 alicujus
797 2889 926 2957 virtutis
950 2890 1129 2960 substantia
1153 2891 1268 2969 doerit,

317 3014 418 3081 quarn
430 2994 499 3081 ipse
509 2992 542 3059 in
553 2991 702 3062 omnibns
710 2993 841 3061 laturus
852 2994 894 3060 sit
905 2992 1074 3083 plenitudo
1083 2995 1267 3075 virtutiset

317 3092 468 3159 cumulus
483 3092 711 3170 beatitudinisr
741 3091 821 3159 adeo
843 3092 988 3181 quidem,
1003 3106 1041 3163 ut
1058 3095 1157 3183 juxta
1170 3095 1269 3165 tredi-

319 3194 438 3261 tionem
469 3205 612 3281 patrum,
641 3204 732 3261 tauta
766 3192 942 3280 majestatis
970 3216 1037 3263 suae
1070 3194 1270 3283 plenitudine

317 3294 465 3363 videatur
477 3294 588 3363 adesse
601 3293 721 3373 electis,
731 3304 768 3359 ut
779 3292 859 3361 nihil
874 3294 920 3361 eis
934 3292 1016 3361 desit
1031 3294 1141 3364 inulla
1154 3296 1271 3387 gratia,

317 3410 349 3464 et
373 3396 441 3483 ipse
463 3397 530 3461 fere
555 3394 641 3463 solus
664 3393 813 3461 videatur
836 3393 868 3457 in
893 3392 966 3477 illis,
982 3406 1013 3459 et
1037 3394 1120 3463 illius
1143 3400 1270 3469 nomine

318 3511 517 3577 censeantur,
540 3495 628 3563 salvs
655 3498 789 3564 veritate
813 3495 1012 3577 substantioe,
1034 3508 1066 3565 et
1092 3496 1158 3567 tine
1182 3499 1269 3567 omni

320 3600 535 3669 versabilitate
549 3612 684 3667 naturae.
728 3597 816 3665 Hinc
831 3597 915 3665 forte
933 3610 981 3669 est
1003 3598 1102 3668 illud:
1133 3600 1271 3671 Exulta-

320 3702 403 3769 bunt
424 3702 524 3769 saneti
545 3701 579 3767 in
602 3700 715 3789 gloria,
731 3700 929 3768 letabuntur
952 3700 985 3769 in
1009 3702 1170 3773 cubilibus
1192 3703 1270 3783 suis.

320 3826 423 3891 quum
434 3802 961 3891 sibituncperviacredanturesse
969 3806 1269 3887 condemnatorum,

319 3919 353 3974 ct
372 3904 594 3993 unusquisque
609 3928 672 3971 non
688 3904 784 3971 modo
804 3903 838 3970 in
860 3926 929 3985 sus,
946 3904 1001 3969 sed
1021 3918 1054 3971 et
1074 3905 1107 3972 iu
1126 3908 1270 3977 omnium

320 4008 512 4077 conscientia
533 4006 698 4097 glorietur.
744 4004 835 4073 Sicut
857 4008 942 4071 enim
965 4004 1058 4095 ignis,
1074 4019 1111 4073 ut
1135 4006 1168 4075 in
1190 4032 1272 4097 prae·

323 4108 410 4177 dicta
430 4132 591 4179 moremur
613 4106 829 4191 similitudine,
844 4108 920 4175 ferri
944 4122 1088 4180 naturam
1113 4124 1270 4199 penetrat,

323 4224 356 4277 et
370 4212 525 4293 accendit,
540 4223 575 4280 ut
591 4210 672 4277 nihil
686 4222 834 4278 cernatur
847 4210 880 4275 iu
896 4234 934 4277 eo
949 4210 1009 4279 nisi
1023 4213 1119 4299 iguis,
1132 4226 1164 4281 et
1189 4214 1271 4281 sicut

322 4312 432 4381 solaris
447 4312 556 4381 radius
570 4313 734 4381 illustrans
747 4334 864 4393 aerem,
878 4312 952 4379 solis
967 4312 1016 4379 vel
1031 4314 1111 4383 radii
1127 4327 1272 4385 censetur
