3425 5367
311 670 383 716 cae.
398 655 447 733 rc]
661 669 918 717 rourcnsrmus,
1204 651 1265 710 193

306 824 495 906 assequitur.
532 820 585 886 Sic
602 820 746 886 adulator
761 823 892 906 quidem
908 842 971 884 non
987 839 1111 903 semper
1126 817 1258 900 decipit,

305 934 361 988 ant
375 924 414 987 de
429 927 533 988 amico
547 925 733 1007 triumphat.
778 922 860 988 Fine
882 934 987 987 tamen
1005 943 1064 985 suo
1080 942 1144 982 uon
1160 918 1256 982 desti-

306 1028 412 1106 tuitur,
428 1028 455 1090 si
470 1049 511 1090 ex
527 1027 788 1107 contingentibus
802 1027 882 1088 nihil
897 1025 1045 1088 omiserit.
1083 1025 1114 1086 N
1117 1043 1154 1086 ec
1170 1022 1255 1084 enim

306 1131 431 1212 Ulyxes
451 1129 594 1193 Sirenum
611 1148 706 1192 voces
728 1129 839 1205 evasit,
855 1125 941 1211 quod
964 1126 993 1188 ei
1015 1123 1138 1207 aliquid
1153 1122 1257 1186 suavi·

305 1231 377 1294 tatis
392 1230 519 1294 deesset
533 1229 575 1292 ad
590 1230 734 1310 gratiam,
749 1228 806 1292 sed
825 1230 903 1313 quia
922 1228 1058 1292 stimulis
1073 1227 1259 1308 voluptatis,

304 1343 336 1395 et
355 1332 628 1394 meretricantibus
647 1331 807 1393 illecebris
823 1330 981 1402 vanitatis,
1006 1328 1117 1392 solidae
1132 1328 1257 1392 virtutis

305 1440 499 1516 opposuerat
519 1425 625 1493 robur.
671 1431 824 1493 Teutator
848 1451 978 1513 quoque
1008 1427 1200 1507 Pharisaeus,
1223 1438 1256 1490 et

305 1533 511 1596 Herodianus
525 1531 704 1610 insidiator,
719 1552 800 1614 quas
816 1530 934 1594 fraudis
949 1552 1014 1594 suae
1028 1552 1093 1592 nou
1109 1529 1257 1594 adhibuit

304 1643 397 1707 artes,
413 1643 449 1694 ut
463 1654 537 1695 eum
559 1641 713 1714 caperent
731 1633 764 1694 in
787 1652 932 1694 sermone
954 1631 1065 1710 lingua
1085 1630 1206 1708 dolosa,
1220 1631 1254 1692 in

304 1735 398 1819 cujus
412 1755 465 1798 ore
486 1756 549 1798 uon
571 1744 621 1798 est
639 1735 788 1798 inventus
808 1729 925 1797 dolus?
960 1733 1125 1816 Magister,
1141 1733 1255 1817 inquit,

303 1839 423 1902 scimus
441 1838 516 1922 quia
529 1858 627 1900 verax
649 1858 695 1916 es,
709 1847 742 1900 et
756 1837 840 1898 viam
865 1836 928 1899 Dei
950 1836 984 1900 in
999 1836 1130 1898 veritate
1146 1835 1256 1912 doces,

304 1950 337 2004 et
358 1962 423 2004 non
446 1940 575 2004 esttibi
598 1960 675 2003 cura
696 1939 738 2003 de
761 1940 880 2023 aliquo,
896 1959 1001 2021 neque
1025 1939 1109 2002 enim
1132 1938 1254 2021 accipis

303 2064 456 2127 personas
484 2042 661 2106 hominum.
716 2041 802 2114 Quid
837 2063 947 2124 quaeso
977 2039 1149 2105 blandius?
1188 2039 1254 2104 Sed

304 2143 397 2206 dolus
412 2165 475 2228 quo
495 2143 615 2221 tendat,
629 2141 751 2206 invidia
773 2164 837 2226 quo
856 2143 984 2221 feretur,
999 2142 1143 2227 subjecta
1157 2142 1253 2204 inter·

304 2247 424 2328 rogatio
438 2246 599 2330 patefecit.
637 2244 788 2328 Sequitur
802 2246 903 2308 enim:
923 2246 1014 2310 Licet
1029 2265 1160 2309 censum
1176 2243 1252 2307 dare

303 2345 432 2421 Caesari,
463 2367 503 2409 an
534 2344 622 2410 non?
667 2347 757 2408 Ecce
788 2346 924 2429 laqueus
955 2358 1083 2429 paratur
1113 2345 1251 2429 pedibus

302 2447 495 2525 innocentis,
517 2446 614 2510 etad
636 2446 874 2511 subversionem
900 2447 969 2530 ejus
992 2447 1157 2530 decipulas
1178 2468 1252 2510 suas

301 2546 417 2610 frustra
430 2546 567 2610 tetendit
588 2546 751 2630 iniquitas.
796 2547 832 2610 Si
851 2547 936 2610 enim
957 2568 1088 2610 censum
1108 2545 1251 2618 dandum

301 2667 373 2710 esse
395 2647 566 2724 censuerit,
586 2646 780 2728 pecrdiarem
799 2647 954 2729 populum
979 2645 1123 2725 Domini,
1143 2666 1253 2708 semen

301 2749 449 2825 liberum,
463 2749 647 2832 preclaram
668 2747 888 2810 haereditatem
904 2748 1046 2822 Domini,
1063 2747 1196 2811 decimis
1220 2757 1254 2812 et

301 2850 462 2934 primitiis,
480 2858 513 2912 et
533 2850 693 2931 legalibus
708 2849 896 2912 ceremoniis
919 2859 1041 2913 tantum
1061 2849 1250 2926 obnoxiam,

301 2950 450 3035 subjiciet
471 2949 621 3014 servituti
667 2949 703 3013 Si
718 2970 790 3012 vero
812 2951 931 3014 tributa
952 2950 1100 3034 neganda
1121 2972 1251 3035 respon-

302 3053 387 3116 derit
400 3052 460 3130 his,
471 3051 528 3136 qui
543 3072 601 3136 pro
616 3052 718 3114 salute
733 3059 766 3114 et
780 3051 887 3136 quiete
902 3052 1045 3116 omnium
1060 3053 1249 3132 militabant,

300 3155 392 3239 quasi
406 3153 572 3216 seditionis
585 3163 705 3232 auctor,
715 3163 747 3216 et
757 3174 829 3216 reus
840 3154 1049 3238 imperatoria
1064 3154 1251 3239 majestatis,

299 3278 320 3320 a
332 3257 515 3342 publicanis
523 3256 615 3340 juste
626 3255 742 3338 poterit
756 3255 994 3338 comprehendi.
1040 3259 1158 3320 Verum
1174 3262 1250 3342 quia

299 3357 413 3422 l'rustra
435 3357 557 3444 jacitur
580 3368 646 3420 rete
672 3366 747 3420 ante
771 3358 882 3420 oculos
912 3367 1132 3441 pennatorum,
1154 3362 1250 3426 totius

300 3460 465 3522 calumniae
479 3458 586 3541 laquei
597 3456 824 3536 dissolvuntur,
834 3456 909 3520 dum
922 3459 1045 3540 prolato
1060 3459 1250 3525 numismate

303 3581 430 3637 census,
441 3581 530 3624 suam
546 3560 663 3643 cuique
678 3558 804 3622 censuit
812 3557 1040 3622 restituendam
1056 3579 1125 3624 esse
1140 3562 1251 3644 imagi-

300 3681 392 3738 nem,
418 3673 451 3724 et
470 3662 516 3726 ita
537 3683 611 3745 quae
633 3660 770 3724 Caesaris
791 3672 876 3738 sunt,
899 3661 1020 3725 Caesari
1042 3663 1250 3742 restituenda,

298 3776 335 3825 ut
358 3784 417 3826 suo
435 3762 509 3846 jure
533 3763 622 3826 Deus
646 3782 712 3824 non
739 3761 951 3825 defraudetur.
995 3763 1158 3846 Equidem
1181 3785 1248 3828 non

298 3865 446 3929 omuibus
461 3865 570 3929 datum
590 3874 650 3938 est,
665 3875 701 3926 ut
719 3863 944 3928 blanditiarum
964 3864 1097 3947 laqueos
1112 3865 1159 3929 sic
1175 3887 1248 3930 era·

298 3963 387 4044 dant,
402 3988 500 4050 quum
514 3985 570 4028 eos
585 3965 667 4028 alius
682 3985 747 4028 non
762 3964 945 4048 praevideat,
960 3965 1042 4028 alius
1057 3966 1152 4029 etiam
1168 3989 1249 4052 prae·

299 4067 386 4130 risos
407 4077 545 4152 nequeat
568 4065 741 4132 declinare.
788 4067 896 4130 Unum
919 4077 1025 4130 tamen
1049 4079 1169 4132 certum
1193 4083 1251 4148 est,

299 4167 375 4244 illis,
396 4168 452 4250 qui
473 4167 549 4232 huic
572 4167 649 4230 vitio
671 4166 774 4230 dediti
796 4177 882 4246 sunt,
906 4188 970 4230 nou
997 4169 1097 4250 magis
1119 4171 1248 4252 placere

300 4265 457 4340 virtutem,
469 4287 566 4348 quam
577 4266 652 4330 illos
664 4268 749 4329 bene
761 4266 855 4344 olere,
867 4266 923 4348 qui
935 4267 968 4328 in
979 4267 1087 4330 culina
1097 4269 1251 4337 habitant

347 4383 418 4428 vot.
435 4385 486 4430 111.
777 4386 797 4428 o
