3425 5367
314 735 385 781 car.
401 720 477 795 vm]
681 730 933 777 consensurus.
1203 720 1266 781 28⁷

315 885 445 953 demum
461 898 546 951 recte
561 882 742 971 procedere,
752 904 852 968 quum
863 892 962 968 caput
973 882 1044 968 ejus
1058 904 1090 947 se
1106 883 1186 949 utile
1201 907 1268 950 esse

316 987 487 1072 cognoscit,
502 985 562 1051 nisi
577 983 713 1049 fideliter
732 982 882 1047 membris
896 984 1062 1049 cohoereat.
1109 986 1192 1051 Haec
1205 985 1270 1065 ille,

317 1101 350 1154 et
364 1088 495 1174 quidem
513 1087 674 1173 eleganter
689 1097 721 1149 et
743 1107 826 1151 vere.
874 1085 947 1165 Sed,
970 1099 1007 1151 ut
1029 1085 1107 1151 mibi
1128 1086 1270 1167 ridetur,

315 1192 507 1257 cobaerentia
520 1189 623 1255 fidelis
634 1200 666 1253 et
680 1188 773 1253 firmo
783 1210 851 1253 esse
866 1210 929 1253 uon
940 1200 1060 1275 potest,
1072 1189 1129 1254 ubi
1144 1202 1271 1256 nonest

316 1292 393 1357 unio
412 1305 509 1357 tenax
532 1290 745 1364 voluntatum,
761 1302 793 1353 et
815 1289 908 1375 quasi
928 1290 1070 1375 ipsorum
1093 1290 1272 1357 animarum

317 1392 559 1487 conglutipatio.
590 1390 676 1466 Qun
690 1390 715 1455 si
731 1390 882 1467 desuerit,
894 1390 1059 1457 hominum
1074 1392 1198 1458 frustra
1212 1392 1273 1461 sibi

316 1507 497 1579 oongruunt
506 1516 615 1579 opera,
626 1514 724 1580 quum
735 1491 829 1557 dolus
839 1492 873 1556 in
883 1492 1050 1578 perniciem
1067 1507 1191 1580 pergat,
1206 1495 1273 1559 sins

317 1594 435 1659 affectu
474 1592 669 1680 proficiendi.
725 1590 945 1668 simulatores,
980 1590 1087 1677 inquit
1127 1592 1205 1673 Job,
1240 1606 1273 1659 et

317 1696 423 1761 callidi
439 1706 613 1783 provocant
632 1694 712 1759 iram
733 1694 806 1773 Dei,
826 1715 932 1778 neque
955 1691 1151 1772 clamabunt,
1171 1716 1272 1780 quum

318 1799 417 1865 vincti
431 1798 561 1863 fuerint.
606 1796 767 1863 Morietur
780 1794 813 1859 in
830 1805 1019 1880 tempestate
1033 1793 1274 1879 minaeorum,

317 1915 350 1967 et
372 1902 439 1967 sita
459 1922 568 1965 eorum
590 1900 674 1965 'mter
691 1898 909 1963 effoeminatos·
953 1896 1114 1983 Operibus
1136 1919 1273 1984 namque

317 2026 443 2069 causam
466 2014 600 2089 proestat
626 2022 710 2067 nunc
732 1998 850 2087 pudor,
872 2000 968 2063 timor
990 1998 1163 2065 interdum.
1209 1998 1273 2065 Sed

314 2106 470 2191 junctum
494 2103 549 2167 ills
572 2101 762 2167 solidissima
786 2112 845 2178 est,
868 2122 943 2185 quae
964 2121 1005 2163 cx
1027 2098 1122 2186 adipe
1143 2098 1218 2164 fidei
1240 2112 1273 2165 et

317 2206 496 2272 dilectionis
519 2204 677 2291 procedit,
699 2215 733 2268 et
757 2202 791 2266 in
818 2201 886 2265 solo
911 2200 1041 2267 virtutis
1063 2200 1273 2267 fundamento

318 2307 471 2373 subsistit.
507 2306 615 2391 Opera
628 2316 735 2369 tamen
750 2302 828 2387 quia
841 2324 966 2367 morum
980 2314 1170 2387 arguments
1185 2314 1272 2380 sunt,

319 2410 454 2491 gratiam
470 2405 611 2492 pariunt,
626 2403 705 2489 quis
718 2402 799 2465 nibil
818 2400 944 2479 utilius,
959 2400 1039 2465 nibil
1053 2400 1212 2467 efficacius
1225 2414 1275 2468 est

317 2508 361 2573 ad
371 2520 491 2573 statum
503 2506 761 2591 magistratuum,
772 2516 805 2569 et
818 2526 1012 2589 processum.
1044 2502 1124 2568 Inde
1135 2514 1182 2567 est
1193 2502 1274 2569 illud

321 2608 541 2696 Imperatoris,
557 2620 613 2674 sut
629 2606 793 2688 (rimaris)
809 2604 1034 2671 versificatoris
1048 2605 1179 2691 egregii,
1195 2604 1273 2671 dum

319 2725 426 2779 tamen
441 2710 528 2777 idem
543 2732 598 2775 eos
611 2707 743 2775 sensisse
757 2730 822 2773 non
836 2708 991 2793 ambigas.

426 2862 469 2915 Sis
479 2861 538 2933 pins
547 2860 673 2932 inprimis,
685 2874 746 2911 narn
757 2874 837 2926 quum
848 2856 978 2909 vincamur
987 2856 1017 2907 in
1029 2856 1099 2907 omni

424 2948 545 3011 Munere,
556 2944 612 2999 sola
622 2944 695 2998 Deos
706 2948 793 3013 seqnst
802 2942 943 2995 clementis
953 2940 1038 2995 nobis.

424 3034 488 3088 Nea
498 3032 577 3086 dnbio
587 3036 722 3103 mspectos
731 3046 806 3098 ogas,
817 3046 869 3082 neri
881 3026 962 3081 falsus
973 3027 1072 3090 amisis,

426 3122 604 3175 Rumonnvs
613 3117 717 3171 aridus:
735 3117 780 3186 qni
792 3114 857 3169 talis
868 3121 949 3180 curat,
961 3114 1053 3167 inanes

425 3205 552 3259 Horrebit
562 3205 696 3275 strepitus,
706 3200 780 3255 nulls
789 3218 842 3255 non
852 3200 948 3255 anxins
958 3200 1030 3253 hora

424 3291 487 3345 Non
499 3292 537 3343 sic
548 3289 677 3354 excubiae,
688 3306 737 3341 nec
749 3288 943 3341 circumstantis
955 3285 1017 3357 pila,

424 3378 512 3441 Quam
523 3382 622 3429 nitatur
633 3392 719 3437 amon
739 3391 792 3427 non
803 3371 971 3441 extorquebis
983 3372 1076 3423 amari:

425 3464 486 3517 Hoc
498 3462 599 3516 alterna
609 3460 687 3526 fides,
698 3460 747 3513 boc
758 3458 871 3531 simplex
883 3458 969 3526 gratia
980 3457 1068 3509 donat.

321 3606 614 3693 Alexanderqnum
624 3604 739 3690 hyeme
748 3602 869 3667 ducens
877 3600 1065 3677 exercitum,
1074 3598 1276 3669 resideretad

320 3707 438 3793 ignem,
446 3727 667 3789 recognoscere
682 3714 910 3790 pretereuntes
921 3703 1029 3787 copiss
1038 3699 1146 3785 coepit,
1161 3725 1278 3789 quum-

320 3831 385 3895 que
399 3807 613 3893 conspexisset
628 3805 788 3892 quendsm
804 3824 905 3890 prope
916 3804 1133 3865 exanimatum
1147 3802 1278 3887 frigore,

316 3910 414 3995 jussit
425 3931 497 3975 eum
509 3908 617 3973 sedere
626 3906 658 3971 in
668 3906 737 3971 loco
747 3929 816 3985 suo,
824 3904 952 3968 dicens:
978 3901 1277 3973 SiinPersisnstus

320 4034 415 4087 esses,
438 4014 472 4077 in
498 4010 586 4095 regis
609 4008 687 4073 selle
711 4005 863 4071 resedisse
890 4002 1025 4089 capitale
1047 4001 1141 4083 foret,
1163 4004 1217 4069 sed
1243 4007 1275 4073 in

322 4112 513 4177 Macedonia
521 4124 597 4175 nato
607 4108 802 4173 conceditur.
829 4106 948 4171 Fertur
959 4116 991 4169 et
1001 4102 1089 4168 aliud
1101 4103 1141 4169 de
1153 4106 1275 4175 eodem.

322 4209 754 4298 Quodquumrirgoeximioe
762 4203 1278 4293 pulchritudinis,flnitimaegentis

322 4312 458 4397 principi
472 4312 672 4397 desponsata,
684 4310 766 4375 inter
781 4306 925 4393 captivas
938 4304 1047 4369 adesse
1062 4306 1277 4389 nunciaretur,
