3425 5367
471 718 491 773 6
730 729 1160 776 sossmsssemuemerrs1s

474 878 658 965 indiguum,
673 878 764 943 litem
779 878 805 943 si
819 890 948 964 tempus
961 879 1030 962 ugit
1042 878 1141 943 breve
1153 879 1296 965 longam,

517 981 626 1067 Digne
639 980 770 1069 quidem
785 1002 850 1045 ison
864 994 941 1045 sunt
953 992 1100 1067 tempore
1113 981 1211 1067 longe
1222 982 1324 1050 brevi.

475 1085 586 1162 Quum
603 1084 644 1149 de
660 1106 694 1149 re
709 1092 843 1164 constet,
856 1106 921 1148 uon
936 1084 979 1149 sit
991 1085 1033 1149 de
1048 1084 1179 1149 nomine
1192 1107 1320 1172 pugmn

518 1186 570 1251 Ne
584 1186 691 1251 lovect
706 1185 795 1251 litem
811 1186 886 1251 lens
899 1186 1030 1271 cuprina
1043 1186 1111 1251 diu.

475 1287 638 1375 Quicquid
653 1287 700 1352 vis
714 1286 812 1363 dices,
825 1287 904 1351 dum
919 1287 960 1351 sit
973 1300 1070 1373 ceput
1083 1287 1139 1352 illc
1155 1288 1329 1367 Britannis,

517 1388 625 1463 Quem
641 1386 701 1452 tibi
716 1386 888 1472 praesignet
902 1387 1036 1471 angelus
1049 1410 1123 1453 erce
1136 1387 1268 1454 micum.

475 1488 619 1574 Angelus
639 1488 699 1553 iste
721 1488 793 1575 quis
814 1500 873 1566 est,
888 1500 944 1553 eut
958 1511 1032 1575 quse
1046 1490 1161 1555 domus
1174 1489 1247 1571 ista,
1259 1489 1428 1578 requires?

519 1588 669 1676 Namque
684 1610 782 1653 novos
795 1610 902 1652 rerum
917 1588 1020 1655 forme
1032 1611 1162 1655 movere
1175 1590 1266 1656 solet

478 1690 560 1756 Hrec
574 1702 622 1756 est
637 1688 692 1755 ille
706 1688 831 1769 domus,
848 1710 923 1776 qure
938 1689 1104 1755 Christum
1118 1691 1222 1776 prime
1235 1694 1374 1779 recepit:

521 1795 550 1858 Α
565 1814 629 1879 qua
643 1791 782 1877 succepit
795 1790 900 1855 insule
913 1802 981 1855 totu
994 1790 1104 1855 fidem.

478 1893 668 1969 insule,tote
684 1893 780 1957 fidem
796 1893 893 1978 cepit,
908 1891 1049 1978 fideique
1064 1907 1230 1978 perentem

520 1995 688 2072 Proedicct,
704 1994 837 2071 extollit,
854 1993 955 2077 cudit,
969 1994 1115 2074 honoret,
1130 2010 1226 2064 emet.

477 2098 609 2165 Consilii
623 2096 731 2182 magni
747 2096 773 2161 si
788 2097 871 2162 nosti
885 2098 966 2161 forte
980 2098 1136 2176 dotorem,

521 2200 594 2267 Non
610 2202 671 2267 erit
685 2202 813 2286 ignotus
826 2200 960 2285 angelus
973 2201 1033 2265 iste
1047 2200 1118 2267 tibi.

456 2334 459 2341 ·
479 2303 623 2389 Angelus
638 2326 656 2369 e
672 2302 802 2390 specula
816 2314 920 2367 totum
936 2302 1151 2387 circumspicit
1164 2304 1287 2385 orbem,

521 2406 565 2471 Et
579 2428 692 2492 corpus
706 2406 820 2491 pennis
834 2403 994 2483 subvehit,
1008 2416 1105 2491 etque
1119 2405 1210 2491 tegit.

478 2510 531 2578 Sic
545 2508 665 2573 videte
680 2506 819 2594 speculo,
835 2506 882 2572 sic
895 2506 1035 2593 pmgit
1046 2507 1156 2573 omnis
1168 2508 1294 2593 pennis,

521 2612 569 2677 Ut
577 2612 631 2698 jus
645 2632 710 2676 non
724 2610 843 2676 hebeat
855 2609 954 2675 hostis
967 2609 1000 2673 in
1016 2608 1094 2675 orbe
1108 2632 1176 2680 suo.

477 2714 541 2780 Hic
555 2723 760 2801 tempestates
774 2711 986 2799 praenunciet,
999 2722 1097 2799 etque
1111 2733 1281 2790 serenum3

519 2816 697 2883 Ventorum
713 2815 835 2881 rabiem
851 2828 1022 2902 temperet,
1038 2826 1135 2903 utque
1150 2815 1256 2882 meris.

476 2918 528 2983 Ne
543 2919 620 3006 quid
634 2918 745 2984 obesse
759 2930 868 3005 queat,
883 2941 947 2983 non
962 2918 1080 2983 dormit
1094 2930 1199 2994 uocte,
1214 2919 1332 3007 dieque

522 3023 608 3094 Stctr
632 3020 707 3106 quie
721 3021 881 3104 subjectos
893 3020 1038 3105 undique
1052 3032 1135 3085 stete
1148 3022 1235 3085 lecit

478 3120 644 3187 Accedens
659 3120 798 3206 propius,
815 3119 934 3185 Christi
949 3120 1134 3205 properabis
1147 3120 1189 3184 ed
1202 3120 1321 3202 aulam,

521 3224 569 3288 Ut
583 3222 708 3287 veniam
724 3221 825 3309 culpis
839 3243 1040 3308 promereare
1055 3220 1127 3285 tuis.

480 3324 550 3391 lllic
565 3325 647 3391 liniti
662 3324 824 3391 solventur
838 3335 913 3415 vote
926 3324 1061 3390 laboris:

524 3427 588 3494 Hic
603 3428 789 3515 lachrymas,
803 3426 954 3512 gemitus,
968 3426 1021 3490 hic
1036 3425 1176 3511 picture
1188 3424 1289 3491 debis.

480 3528 625 3615 Excipiet
640 3528 773 3592 fratrum
788 3527 939 3592 reducem
955 3536 988 3591 te
1003 3537 1071 3591 tots
1083 3523 1220 3591 choree:

523 3630 567 3695 Et
580 3628 691 3695 leudes
704 3651 761 3716 pro
775 3642 808 3695 te
823 3628 940 3716 sospite
954 3628 1031 3693 lecto
1045 3637 1148 3693 esoet.

479 3731 643 3820 Quicquid
656 3732 756 3797 hebes
769 3731 855 3819 quod
870 3731 916 3797 eis
930 3731 1068 3818 pleceet,
1083 3729 1199 3815 largire
1213 3730 1368 3799 libenter:

523 3834 702 3913 Quidlibet,
718 3846 754 3899 ut
769 3834 864 3900 luerit
878 3834 969 3916 utile,
983 3833 1099 3920 cuique
1113 3833 1214 3899 debis.

480 3938 515 4006 Si
530 3948 629 4025 potes,
647 3936 754 4003 Odoni
768 3936 897 4003 studeas
909 3936 1030 4003 dooere
1043 3935 1197 4003 salutem:

525 4038 736 4126 Accipictque
752 4038 843 4107 Brito
859 4050 892 4105 te
906 4038 1056 4105 veniente
1070 4059 1209 4104 crucem.

483 4142 548 4207 Hic
562 4164 689 4207 uerrere
704 4140 752 4207 tui
766 4141 897 4208 tandem
912 4140 1096 4207 discrimino
1109 4139 1167 4205 feti

527 4244 721 4332 Exectoeque
736 4243 797 4310 viee
812 4266 962 4331 prospers
975 4254 1091 4309 cuncte
1104 4241 1189 4307 licet.

485 4346 573 4424 Quid
588 4346 628 4414 sit
641 4346 708 4413 ovis
723 4347 782 4413 sub
797 4346 893 4433 vulpe
908 4347 1021 4428 leteus,
1035 4344 1186 4431 vulpesve
1200 4342 1260 4411 sub
1275 4364 1368 4428 agno,
